<?xml version="1.0" encoding="UTF-8"?>
<!DOCTYPE html PUBLIC "-//W3C//DTD XHTML 1.0 Transitional//EN"
    "http://www.w3.org/TR/xhtml1/DTD/xhtml1-transitional.dtd">
<html xmlns="http://www.w3.org/1999/xhtml" xml:lang="en" lang="en">
 <head>
  <title>
</title>
<meta http-equiv="Content-Type" content="text/html;charset=utf-8" />
  <meta name='ocr-system' content='tesseract 3.04.00' />
  <meta name='ocr-capabilities' content='ocr_page ocr_carea ocr_par ocr_line ocrx_word'/>
</head>
<body>
  <div class='ocr_page' id='page_1' title='image "animadversiones00vettgoog_0017.png"; bbox 0 0 4750 5900; ppageno 0'>
   <div class='ocr_carea' id='block_1_1' title="bbox 1084 244 1152 308">
    <p class='ocr_par' dir='ltr' id='par_1_1' title="bbox 1084 244 1152 308">
     <span class='ocr_line' id='line_1_1' title="bbox 1084 244 1152 308; baseline -0.015 0"><span class='ocrx_word' id='word_1_1' title='bbox 1084 244 1152 308; x_wconf 86' lang='lat'><strong>13</strong></span> 
     </span>
    </p>
   </div>
   <div class='ocr_carea' id='block_1_2' title="bbox 214 436 2019 2028">
    <p class='ocr_par' dir='ltr' id='par_1_2' title="bbox 218 436 2019 989">
     <span class='ocr_line' id='line_1_2' title="bbox 219 436 2017 528; baseline -0.004 -18"><span class='ocrx_word' id='word_1_2' title='bbox 219 436 1357 528; x_wconf 64' lang='grc' dir='ltr'><strong>611311118661611116,11618618111116888616ρ611188611</strong></span> <span class='ocrx_word' id='word_1_3' title='bbox 1383 460 1452 505; x_wconf 90' lang='lat' dir='ltr'><strong>non</strong></span> <span class='ocrx_word' id='word_1_4' title='bbox 1473 438 1699 504; x_wconf 85' lang='lat' dir='ltr'><strong>voluntariam</strong></span> <span class='ocrx_word' id='word_1_5' title='bbox 1723 437 1939 521; x_wconf 80' lang='lat' dir='ltr'><strong>commissam,</strong></span> <span class='ocrx_word' id='word_1_6' title='bbox 1956 458 2017 502; x_wconf 76' lang='grc'><strong>681-</strong></span> 
     </span>
     <span class='ocr_line' id='line_1_3' title="bbox 220 552 2016 644; baseline -0.002 -20"><span class='ocrx_word' id='word_1_7' title='bbox 220 559 278 624; x_wconf 91' lang='grc'><strong>188</strong></span> <span class='ocrx_word' id='word_1_8' title='bbox 292 560 396 624; x_wconf 83' lang='lat' dir='ltr'><strong>altere</strong></span> <span class='ocrx_word' id='word_1_9' title='bbox 417 558 571 623; x_wconf 92' lang='lat' dir='ltr'><strong>consulto</strong></span> <span class='ocrx_word' id='word_1_10' title='bbox 583 565 839 644; x_wconf 77' lang='lat' dir='ltr'><strong>perpetraretur,</strong></span> <span class='ocrx_word' id='word_1_11' title='bbox 855 556 974 622; x_wconf 90' lang='lat' dir='ltr'><strong>deinde</strong></span> <span class='ocrx_word' id='word_1_12' title='bbox 996 577 1064 621; x_wconf 91' lang='lat' dir='ltr'><strong>non</strong></span> <span class='ocrx_word' id='word_1_13' title='bbox 1085 563 1231 640; x_wconf 86' lang='lat' dir='ltr'><strong>apparet,</strong></span> <span class='ocrx_word' id='word_1_14' title='bbox 1246 554 1417 638; x_wconf 90' lang='lat' dir='ltr'><strong>quomodo,</strong></span> <span class='ocrx_word' id='word_1_15' title='bbox 1440 555 1468 619; x_wconf 89' lang='lat' dir='ltr'><strong>si</strong></span> <span class='ocrx_word' id='word_1_16' title='bbox 1489 561 1670 632; x_wconf 87' lang='lat' dir='ltr'><strong>accusatus,</strong></span> <span class='ocrx_word' id='word_1_17' title='bbox 1691 553 1727 618; x_wconf 94' lang='lat' dir='ltr'><strong>id</strong></span> <span class='ocrx_word' id='word_1_18' title='bbox 1747 552 1833 636; x_wconf 90' lang='lat' dir='ltr'><strong>quod</strong></span> <span class='ocrx_word' id='word_1_19' title='bbox 1855 555 2016 620; x_wconf 90' lang='lat' dir='ltr'><strong>coniicere</strong></span> 
     </span>
     <span class='ocr_line' id='line_1_4' title="bbox 220 670 2016 758; baseline -0.002 -20"><span class='ocrx_word' id='word_1_20' title='bbox 220 674 307 752; x_wconf 89' lang='lat' dir='ltr'><strong>licet,</strong></span> <span class='ocrx_word' id='word_1_21' title='bbox 328 674 369 738; x_wconf 87' lang='lat' dir='ltr'><strong>ab</strong></span> <span class='ocrx_word' id='word_1_22' title='bbox 390 673 521 758; x_wconf 88' lang='lat' dir='ltr'><strong>ephetis</strong></span> <span class='ocrx_word' id='word_1_23' title='bbox 542 673 579 738; x_wconf 90' lang='lat' dir='ltr'><strong>in</strong></span> <span class='ocrx_word' id='word_1_24' title='bbox 601 672 762 738; x_wconf 77' lang='lat' dir='ltr'><strong>Phreatto</strong></span> <span class='ocrx_word' id='word_1_25' title='bbox 784 673 902 755; x_wconf 88' lang='lat' dir='ltr'><strong>capitis</strong></span> <span class='ocrx_word' id='word_1_26' title='bbox 924 671 1099 736; x_wconf 85' lang='lat' dir='ltr'><strong>damnatus</strong></span> <span class='ocrx_word' id='word_1_27' title='bbox 1120 677 1217 747; x_wconf 88' lang='lat' dir='ltr'><strong>esset,</strong></span> <span class='ocrx_word' id='word_1_28' title='bbox 1239 693 1343 753; x_wconf 92' lang='lat' dir='ltr'><strong>quum</strong></span> <span class='ocrx_word' id='word_1_29' title='bbox 1374 671 1439 754; x_wconf 89' lang='lat' dir='ltr'><strong>ipsi</strong></span> <span class='ocrx_word' id='word_1_30' title='bbox 1470 679 1594 734; x_wconf 88' lang='lat' dir='ltr'><strong>terram</strong></span> <span class='ocrx_word' id='word_1_31' title='bbox 1615 670 1780 753; x_wconf 85' lang='lat' dir='ltr'><strong>attingere</strong></span> <span class='ocrx_word' id='word_1_32' title='bbox 1801 691 1871 734; x_wconf 91' lang='lat' dir='ltr'><strong>non</strong></span> <span class='ocrx_word' id='word_1_33' title='bbox 1891 670 2016 744; x_wconf 89' lang='lat' dir='ltr'><strong>liceret,</strong></span> 
     </span>
     <span class='ocr_line' id='line_1_5' title="bbox 218 784 2019 876; baseline -0.002 -22"><span class='ocrx_word' id='word_1_34' title='bbox 218 809 351 872; x_wconf 74' lang='lat' dir='ltr'><strong>poenam</strong></span> <span class='ocrx_word' id='word_1_35' title='bbox 372 790 489 872; x_wconf 89' lang='lat' dir='ltr'><strong>capitis</strong></span> <span class='ocrx_word' id='word_1_36' title='bbox 503 787 613 854; x_wconf 88' lang='lat' dir='ltr'><strong>dicere</strong></span> <span class='ocrx_word' id='word_1_37' title='bbox 635 789 797 872; x_wconf 90' lang='lat' dir='ltr'><strong>potuerit;</strong></span> <span class='ocrx_word' id='word_1_38' title='bbox 818 788 954 852; x_wconf 91' lang='lat' dir='ltr'><strong>omnino</strong></span> <span class='ocrx_word' id='word_1_39' title='bbox 975 808 1055 853; x_wconf 83' lang='lat' dir='ltr'><strong>vero</strong></span> <span class='ocrx_word' id='word_1_40' title='bbox 1079 786 1265 870; x_wconf 84' lang='lat' dir='ltr'><strong>complures</strong></span> <span class='ocrx_word' id='word_1_41' title='bbox 1286 786 1501 852; x_wconf 86' lang='lat' dir='ltr'><strong>difficultates</strong></span> <span class='ocrx_word' id='word_1_42' title='bbox 1523 785 1687 863; x_wconf 90' lang='lat' dir='ltr'><strong>oriuntur,</strong></span> <span class='ocrx_word' id='word_1_43' title='bbox 1710 787 1749 862; x_wconf 91' lang='lat' dir='ltr'><strong>si,</strong></span> <span class='ocrx_word' id='word_1_44' title='bbox 1764 784 1926 868; x_wconf 92' lang='lat' dir='ltr'><strong>quomodo</strong></span> <span class='ocrx_word' id='word_1_45' title='bbox 1947 791 2019 876; x_wconf 78' lang='lat' dir='ltr'><strong>tota</strong></span> 
     </span>
     <span class='ocr_line' id='line_1_6' title="bbox 218 902 1183 989; baseline 0.002 -23"><span class='ocrx_word' id='word_1_46' title='bbox 218 903 332 969; x_wconf 89' lang='lat' dir='ltr'><strong>iudicii</strong></span> <span class='ocrx_word' id='word_1_47' title='bbox 353 905 438 969; x_wconf 85' lang='lat' dir='ltr'><strong>actio</strong></span> <span class='ocrx_word' id='word_1_48' title='bbox 459 902 651 989; x_wconf 82' lang='lat' dir='ltr'><strong>accipienda</strong></span> <span class='ocrx_word' id='word_1_49' title='bbox 672 903 725 981; x_wconf 86' lang='lat' dir='ltr'><strong>sit,</strong></span> <span class='ocrx_word' id='word_1_50' title='bbox 748 903 920 968; x_wconf 89' lang='lat' dir='ltr'><strong>nobiscum</strong></span> <span class='ocrx_word' id='word_1_51' title='bbox 942 906 1183 988; x_wconf 72' lang='lat' dir='ltr'><strong>cogitamus.-</strong></span> 
     </span>
    </p>

    <p class='ocr_par' dir='ltr' id='par_1_3' title="bbox 214 1017 2019 2028">
     <span class='ocr_line' id='line_1_7' title="bbox 318 1017 2015 1102; baseline -0.002 -18"><span class='ocrx_word' id='word_1_52' title='bbox 318 1018 477 1084; x_wconf 86' lang='lat' dir='ltr'><strong>Offioium</strong></span> <span class='ocrx_word' id='word_1_53' title='bbox 498 1018 538 1086; x_wconf 91' lang='lat' dir='ltr'><strong>de</strong></span> <span class='ocrx_word' id='word_1_54' title='bbox 560 1017 648 1084; x_wconf 82' lang='lat' dir='ltr'><strong>caedc</strong></span> <span class='ocrx_word' id='word_1_55' title='bbox 670 1017 844 1084; x_wconf 87' lang='lat' dir='ltr'><strong>accusandi</strong></span> <span class='ocrx_word' id='word_1_56' title='bbox 867 1020 1061 1102; x_wconf 82' lang='lat' dir='ltr'><strong>propinquis</strong></span> <span class='ocrx_word' id='word_1_57' title='bbox 1082 1020 1163 1097; x_wconf 90' lang='grc'><strong>6188,</strong></span> <span class='ocrx_word' id='word_1_58' title='bbox 1186 1019 1244 1102; x_wconf 92' lang='lat' dir='ltr'><strong>qui</strong></span> <span class='ocrx_word' id='word_1_59' title='bbox 1265 1017 1392 1083; x_wconf 90' lang='grc'><strong>6661888</strong></span> <span class='ocrx_word' id='word_1_60' title='bbox 1425 1026 1523 1093; x_wconf 88' lang='grc'><strong>68861,</strong></span> <span class='ocrx_word' id='word_1_61' title='bbox 1544 1019 1737 1102; x_wconf 89' lang='lat' dir='ltr'><strong>impositum</strong></span> <span class='ocrx_word' id='word_1_62' title='bbox 1758 1018 1870 1095; x_wconf 87' lang='lat' dir='ltr'><strong>fuisse,</strong></span> <span class='ocrx_word' id='word_1_63' title='bbox 1892 1018 2015 1082; x_wconf 92' lang='lat' dir='ltr'><strong>Demo-</strong></span> 
     </span>
     <span class='ocr_line' id='line_1_8' title="bbox 218 1133 2014 1219; baseline -0.002 -20"><span class='ocrx_word' id='word_1_64' title='bbox 218 1134 354 1200; x_wconf 78' lang='lat' dir='ltr'><strong>sthenes</strong></span> <span class='ocrx_word' id='word_1_65' title='bbox 385 1133 481 1199; x_wconf 86' lang='lat' dir='ltr'><strong>doeet</strong></span> <span class='ocrx_word' id='word_1_66' title='bbox 512 1140 553 1200; x_wconf 74' lang='lat' dir='ltr'><strong>cb</strong></span> <span class='ocrx_word' id='word_1_67' title='bbox 574 1134 697 1218; x_wconf 79' lang='lat' dir='ltr'><strong>Euerg.</strong></span> <span class='ocrx_word' id='word_1_68' title='bbox 730 1156 781 1218; x_wconf 82' lang='lat' dir='ltr'><strong>pg.</strong></span> <span class='ocrx_word' id='word_1_69' title='bbox 804 1136 895 1212; x_wconf 81' lang='grc'><strong>1161,</strong></span> <span class='ocrx_word' id='word_1_70' title='bbox 917 1136 972 1200; x_wconf 83' lang='lat'><strong>10:</strong></span> <span class='ocrx_word' id='word_1_71' title='bbox 993 1135 1101 1198; x_wconf 78' lang='grc' dir='ltr'>κελεύει</span> <span class='ocrx_word' id='word_1_72' title='bbox 1123 1137 1138 1198; x_wconf 83' lang='grc' dir='ltr'>ὁ</span> <span class='ocrx_word' id='word_1_73' title='bbox 1160 1135 1250 1219; x_wconf 77' lang='grc' dir='ltr'>νόμος</span> <span class='ocrx_word' id='word_1_74' title='bbox 1269 1133 1338 1203; x_wconf 73' lang='grc' dir='ltr'>τοὺς</span> <span class='ocrx_word' id='word_1_75' title='bbox 1364 1136 1561 1219; x_wconf 78' lang='grc' dir='ltr'>προσήκοντας</span> <span class='ocrx_word' id='word_1_76' title='bbox 1582 1133 1717 1204; x_wconf 78' lang='grc' dir='ltr'><strong>ἐπεξιέναι</strong></span> <span class='ocrx_word' id='word_1_77' title='bbox 1739 1133 1823 1218; x_wconf 75' lang='grc' dir='ltr'>μέχρι</span> <span class='ocrx_word' id='word_1_78' title='bbox 1844 1134 2014 1218; x_wconf 78' lang='grc' dir='ltr'>ἀνεψιαδῶν.</span> 
     </span>
     <span class='ocr_line' id='line_1_9' title="bbox 220 1247 2015 1334; baseline -0.001 -21"><span class='ocrx_word' id='word_1_79' title='bbox 220 1247 426 1334; x_wconf 76' lang='grc' dir='ltr'>,Ἀνιψιαδοῖ“</span> <span class='ocrx_word' id='word_1_80' title='bbox 460 1247 682 1316; x_wconf 76' lang='lat' dir='ltr'><strong>Schoemanno</strong></span> <span class='ocrx_word' id='word_1_81' title='bbox 713 1257 846 1315; x_wconf 91' lang='lat' dir='ltr'><strong>auctore</strong></span> <span class='ocrx_word' id='word_1_82' title='bbox 868 1251 927 1332; x_wconf 89' lang='lat' dir='ltr'><strong>(of.</strong></span> <span class='ocrx_word' id='word_1_83' title='bbox 949 1251 1088 1332; x_wconf 83' lang='lat' dir='ltr'><strong>Antiqu.</strong></span> <span class='ocrx_word' id='word_1_84' title='bbox 1118 1273 1149 1334; x_wconf 91' lang='lat' dir='ltr'><strong>p.</strong></span> <span class='ocrx_word' id='word_1_85' title='bbox 1171 1249 1242 1327; x_wconf 76' lang='lat'><strong>288,</strong></span> <span class='ocrx_word' id='word_1_86' title='bbox 1269 1249 1317 1330; x_wconf 84' lang='lat'><strong>4),</strong></span> <span class='ocrx_word' id='word_1_87' title='bbox 1346 1249 1404 1331; x_wconf 92' lang='lat' dir='ltr'><strong>qui</strong></span> <span class='ocrx_word' id='word_1_88' title='bbox 1423 1249 1557 1313; x_wconf 88' lang='lat' dir='ltr'><strong>Latinis</strong></span> <span class='ocrx_word' id='word_1_89' title='bbox 1578 1248 1852 1314; x_wconf 91' lang='lat' dir='ltr'><strong>consobrinorum</strong></span> <span class='ocrx_word' id='word_1_90' title='bbox 1870 1249 1936 1312; x_wconf 89' lang='lat' dir='ltr'><strong>filii</strong></span> <span class='ocrx_word' id='word_1_91' title='bbox 1956 1269 2015 1314; x_wconf 84' lang='lat' dir='ltr'><strong>vo-</strong></span> 
     </span>
     <span class='ocr_line' id='line_1_10' title="bbox 217 1363 2013 1450; baseline 0 -22"><span class='ocrx_word' id='word_1_92' title='bbox 217 1372 345 1442; x_wconf 87' lang='lat' dir='ltr'><strong>cantur,</strong></span> <span class='ocrx_word' id='word_1_93' title='bbox 366 1365 525 1447; x_wconf 82' lang='lat' dir='ltr'><strong>postremi</strong></span> <span class='ocrx_word' id='word_1_94' title='bbox 546 1371 625 1428; x_wconf 91' lang='lat' dir='ltr'><strong>sunt</strong></span> <span class='ocrx_word' id='word_1_95' title='bbox 646 1386 770 1443; x_wconf 89' lang='lat' dir='ltr'><strong>eorum,</strong></span> <span class='ocrx_word' id='word_1_96' title='bbox 785 1367 844 1449; x_wconf 92' lang='lat' dir='ltr'><strong>qui</strong></span> <span class='ocrx_word' id='word_1_97' title='bbox 857 1365 1043 1450; x_wconf 71' lang='grc' dir='ltr'>ἀνεψιότητος</span> <span class='ocrx_word' id='word_1_98' title='bbox 1057 1367 1192 1432; x_wconf 93' lang='lat' dir='ltr'><strong>nomino</strong></span> <span class='ocrx_word' id='word_1_99' title='bbox 1207 1364 1542 1448; x_wconf 88' lang='lat' dir='ltr'><strong>comprehenduntur,</strong></span> <span class='ocrx_word' id='word_1_100' title='bbox 1558 1366 1615 1447; x_wconf 92' lang='lat' dir='ltr'><strong>qui</strong></span> <span class='ocrx_word' id='word_1_101' title='bbox 1629 1366 1716 1430; x_wconf 91' lang='lat' dir='ltr'><strong>siout</strong></span> <span class='ocrx_word' id='word_1_102' title='bbox 1730 1364 1771 1429; x_wconf 90' lang='lat' dir='ltr'><strong>ad</strong></span> <span class='ocrx_word' id='word_1_103' title='bbox 1785 1363 2013 1440; x_wconf 70' lang='lat' dir='ltr'><strong>hereditatem,</strong></span> 
     </span>
     <span class='ocr_line' id='line_1_11' title="bbox 218 1479 2012 1565; baseline 0 -22"><span class='ocrx_word' id='word_1_104' title='bbox 218 1479 267 1544; x_wconf 89' lang='lat' dir='ltr'><strong>ita</strong></span> <span class='ocrx_word' id='word_1_105' title='bbox 288 1481 388 1548; x_wconf 87' lang='lat' dir='ltr'><strong>ctiam</strong></span> <span class='ocrx_word' id='word_1_106' title='bbox 409 1479 567 1548; x_wconf 76' lang='grc'><strong>81168118</strong></span> <span class='ocrx_word' id='word_1_107' title='bbox 587 1481 830 1546; x_wconf 87' lang='grc'><strong>8668881168818</strong></span> <span class='ocrx_word' id='word_1_108' title='bbox 851 1491 1013 1547; x_wconf 85' lang='grc'><strong>16688181</strong></span> <span class='ocrx_word' id='word_1_109' title='bbox 1035 1489 1069 1546; x_wconf 88' lang='grc'><strong>61</strong></span> <span class='ocrx_word' id='word_1_110' title='bbox 1091 1480 1229 1548; x_wconf 82' lang='lat' dir='ltr'><strong>Solonis</strong></span> <span class='ocrx_word' id='word_1_111' title='bbox 1249 1479 1323 1565; x_wconf 92' lang='grc'><strong>1636</strong></span> <span class='ocrx_word' id='word_1_112' title='bbox 1345 1480 1432 1564; x_wconf 88' lang='lat' dir='ltr'><strong>apud</strong></span> <span class='ocrx_word' id='word_1_113' title='bbox 1454 1481 1629 1546; x_wconf 88' lang='lat' dir='ltr'><strong>Demosth.</strong></span> <span class='ocrx_word' id='word_1_114' title='bbox 1651 1482 1689 1543; x_wconf 91' lang='lat' dir='ltr'><strong>in</strong></span> <span class='ocrx_word' id='word_1_115' title='bbox 1709 1480 1846 1544; x_wconf 84' lang='lat' dir='ltr'><strong>Macart.</strong></span> <span class='ocrx_word' id='word_1_116' title='bbox 1869 1502 1901 1563; x_wconf 89' lang='lat' dir='ltr'><strong>p.</strong></span> <span class='ocrx_word' id='word_1_117' title='bbox 1923 1479 2012 1551; x_wconf 87' lang='grc'><strong>1168,</strong></span> 
     </span>
     <span class='ocr_line' id='line_1_12' title="bbox 218 1593 2015 1681; baseline 0.001 -23"><span class='ocrx_word' id='word_1_118' title='bbox 218 1593 267 1672; x_wconf 84' lang='grc'><strong>29,</strong></span> <span class='ocrx_word' id='word_1_119' title='bbox 290 1601 324 1658; x_wconf 97' lang='grc'><strong>61</strong></span> <span class='ocrx_word' id='word_1_120' title='bbox 344 1595 431 1662; x_wconf 86' lang='lat' dir='ltr'><strong>Plat.</strong></span> <span class='ocrx_word' id='word_1_121' title='bbox 453 1595 493 1662; x_wconf 89' lang='lat' dir='ltr'><strong>de</strong></span> <span class='ocrx_word' id='word_1_122' title='bbox 513 1596 599 1679; x_wconf 85' lang='grc'><strong>1633.</strong></span> <span class='ocrx_word' id='word_1_123' title='bbox 631 1595 695 1673; x_wconf 86' lang='lat' dir='ltr'><strong>IX,</strong></span> <span class='ocrx_word' id='word_1_124' title='bbox 716 1593 786 1660; x_wconf 87' lang='lat'>871.</span> <span class='ocrx_word' id='word_1_125' title='bbox 833 1599 908 1664; x_wconf 91' lang='lat' dir='ltr'><strong>Hoc</strong></span> <span class='ocrx_word' id='word_1_126' title='bbox 938 1619 1018 1664; x_wconf 88' lang='lat' dir='ltr'><strong>vero</strong></span> <span class='ocrx_word' id='word_1_127' title='bbox 1050 1597 1175 1680; x_wconf 80' lang='lat' dir='ltr'><strong>ambigi</strong></span> <span class='ocrx_word' id='word_1_128' title='bbox 1209 1604 1327 1681; x_wconf 87' lang='lat' dir='ltr'><strong>potest,</strong></span> <span class='ocrx_word' id='word_1_129' title='bbox 1359 1599 1469 1681; x_wconf 79' lang='lat' dir='ltr'><strong>pergit</strong></span> <span class='ocrx_word' id='word_1_130' title='bbox 1499 1598 1554 1662; x_wconf 79' lang='lat' dir='ltr'><strong>uir</strong></span> <span class='ocrx_word' id='word_1_131' title='bbox 1584 1596 1803 1675; x_wconf 86' lang='lat' dir='ltr'><strong>doctissimus,</strong></span> <span class='ocrx_word' id='word_1_132' title='bbox 1837 1594 2015 1661; x_wconf 86' lang='lat' dir='ltr'><strong>licueritne</strong></span> 
     </span>
     <span class='ocr_line' id='line_1_13' title="bbox 217 1709 2013 1798; baseline 0.001 -24"><span class='ocrx_word' id='word_1_133' title='bbox 217 1709 295 1776; x_wconf 86' lang='lat' dir='ltr'><strong>solis</strong></span> <span class='ocrx_word' id='word_1_134' title='bbox 316 1711 465 1794; x_wconf 84' lang='lat' dir='ltr'><strong>cognatis</strong></span> <span class='ocrx_word' id='word_1_135' title='bbox 484 1732 579 1775; x_wconf 86' lang='lat' dir='ltr'><strong>reum</strong></span> <span class='ocrx_word' id='word_1_136' title='bbox 600 1710 699 1778; x_wconf 83' lang='grc'><strong>681118</strong></span> <span class='ocrx_word' id='word_1_137' title='bbox 719 1711 806 1796; x_wconf 85' lang='lat' dir='ltr'><strong>apud</strong></span> <span class='ocrx_word' id='word_1_138' title='bbox 826 1713 1039 1798; x_wconf 79' lang='lat' dir='ltr'><strong>Areopagum</strong></span> <span class='ocrx_word' id='word_1_139' title='bbox 1057 1720 1117 1778; x_wconf 88' lang='grc'><strong>881</strong></span> <span class='ocrx_word' id='word_1_140' title='bbox 1136 1712 1224 1795; x_wconf 89' lang='lat' dir='ltr'><strong>apud</strong></span> <span class='ocrx_word' id='word_1_141' title='bbox 1246 1713 1384 1796; x_wconf 84' lang='lat' dir='ltr'><strong>ephetas</strong></span> <span class='ocrx_word' id='word_1_142' title='bbox 1404 1713 1522 1790; x_wconf 84' lang='lat' dir='ltr'><strong>facere,</strong></span> <span class='ocrx_word' id='word_1_143' title='bbox 1537 1734 1581 1777; x_wconf 91' lang='lat' dir='ltr'><strong>an</strong></span> <span class='ocrx_word' id='word_1_144' title='bbox 1598 1733 1734 1777; x_wconf 87' lang='lat' dir='ltr'><strong>necesse</strong></span> <span class='ocrx_word' id='word_1_145' title='bbox 1748 1719 1881 1778; x_wconf 84' lang='lat' dir='ltr'><strong>tantum</strong></span> <span class='ocrx_word' id='word_1_146' title='bbox 1901 1711 2013 1787; x_wconf 87' lang='lat' dir='ltr'><strong>fuerit,</strong></span> 
     </span>
     <span class='ocr_line' id='line_1_14' title="bbox 214 1823 2014 1912; baseline 0.002 -24"><span class='ocrx_word' id='word_1_147' title='bbox 214 1823 349 1890; x_wconf 89' lang='lat' dir='ltr'><strong>licuerit</strong></span> <span class='ocrx_word' id='word_1_148' title='bbox 380 1833 493 1892; x_wconf 89' lang='lat' dir='ltr'><strong>autem</strong></span> <span class='ocrx_word' id='word_1_149' title='bbox 524 1826 625 1892; x_wconf 87' lang='lat' dir='ltr'><strong>etiam</strong></span> <span class='ocrx_word' id='word_1_150' title='bbox 655 1827 740 1905; x_wconf 88' lang='lat' dir='ltr'><strong>aliis,</strong></span> <span class='ocrx_word' id='word_1_151' title='bbox 761 1849 834 1911; x_wconf 85' lang='lat' dir='ltr'><strong>quae</strong></span> <span class='ocrx_word' id='word_1_152' title='bbox 869 1836 922 1893; x_wconf 91' lang='grc'><strong>681</strong></span> <span class='ocrx_word' id='word_1_153' title='bbox 941 1829 1088 1894; x_wconf 88' lang='lat' dir='ltr'><strong>Palmeri</strong></span> <span class='ocrx_word' id='word_1_154' title='bbox 1114 1829 1283 1894; x_wconf 86' lang='lat' dir='ltr'><strong>sententia</strong></span> <span class='ocrx_word' id='word_1_155' title='bbox 1303 1827 1345 1892; x_wconf 86' lang='lat' dir='ltr'><strong>ad</strong></span> <span class='ocrx_word' id='word_1_156' title='bbox 1366 1829 1468 1893; x_wconf 85' lang='lat' dir='ltr'><strong>Petit</strong></span> <span class='ocrx_word' id='word_1_157' title='bbox 1489 1827 1552 1912; x_wconf 83' lang='lat' dir='ltr'><strong>leg.</strong></span> <span class='ocrx_word' id='word_1_158' title='bbox 1575 1829 1647 1892; x_wconf 87' lang='lat' dir='ltr'><strong>Att.</strong></span> <span class='ocrx_word' id='word_1_159' title='bbox 1668 1851 1700 1912; x_wconf 89' lang='lat' dir='ltr'><strong>p.</strong></span> <span class='ocrx_word' id='word_1_160' title='bbox 1722 1827 1792 1892; x_wconf 78' lang='lat'><strong>625.</strong></span> <span class='ocrx_word' id='word_1_161' title='bbox 1834 1828 1922 1892; x_wconf 87' lang='lat' dir='ltr'><strong>Nam</strong></span> <span class='ocrx_word' id='word_1_162' title='bbox 1942 1826 2014 1892; x_wconf 84' lang='lat' dir='ltr'><strong>baeo</strong></span> 
     </span>
     <span class='ocr_line' id='line_1_15' title="bbox 216 1939 2019 2028; baseline 0.001 -23"><span class='ocrx_word' id='word_1_163' title='bbox 216 1939 1324 2028; x_wconf 76' lang='grc' dir='ltr'><strong>Ι18816186816811881611118183188881818818186181861881</strong></span> <span class='ocrx_word' id='word_1_164' title='bbox 1366 1945 1454 2010; x_wconf 82' lang='lat' dir='ltr'><strong>Utm</strong></span> <span class='ocrx_word' id='word_1_165' title='bbox 1485 1944 1653 2010; x_wconf 89' lang='lat' dir='ltr'><strong>sententia</strong></span> <span class='ocrx_word' id='word_1_166' title='bbox 1688 1942 1894 2027; x_wconf 84' lang='lat' dir='ltr'><strong>praefcrenda</strong></span> <span class='ocrx_word' id='word_1_167' title='bbox 1914 1943 1959 2007; x_wconf 90' lang='lat' dir='ltr'><strong>sit</strong></span> <span class='ocrx_word' id='word_1_168' title='bbox 1979 1951 2019 2007; x_wconf 91' lang='lat' dir='ltr'><strong>ut</strong></span> 
     </span>
    </p>
   </div>
   <div class='ocr_carea' id='block_1_3' title="bbox 217 2053 2076 2496">
    <p class='ocr_par' dir='ltr' id='par_1_4' title="bbox 217 2053 2076 2496">
     <span class='ocr_line' id='line_1_16' title="bbox 219 2053 2014 2144; baseline 0.003 -28"><span class='ocrx_word' id='word_1_169' title='bbox 219 2053 436 2135; x_wconf 85' lang='lat' dir='ltr'><strong>inquiramus,</strong></span> <span class='ocrx_word' id='word_1_170' title='bbox 458 2056 562 2138; x_wconf 90' lang='lat' dir='ltr'><strong>ipsius</strong></span> <span class='ocrx_word' id='word_1_171' title='bbox 583 2058 742 2124; x_wconf 86' lang='lat' dir='ltr'><strong>orationis</strong></span> <span class='ocrx_word' id='word_1_172' title='bbox 764 2080 890 2124; x_wconf 82' lang='lat' dir='ltr'><strong>nerum</strong></span> <span class='ocrx_word' id='word_1_173' title='bbox 910 2062 1096 2126; x_wconf 83' lang='lat' dir='ltr'><strong>accuratius</strong></span> <span class='ocrx_word' id='word_1_174' title='bbox 1117 2057 1390 2144; x_wconf 88' lang='lat' dir='ltr'><strong>perpendendum</strong></span> <span class='ocrx_word' id='word_1_175' title='bbox 1411 2081 1483 2124; x_wconf 90' lang='grc'><strong>8888</strong></span> <span class='ocrx_word' id='word_1_176' title='bbox 1503 2059 1713 2124; x_wconf 88' lang='lat' dir='ltr'><strong>arbitramur.</strong></span> <span class='ocrx_word' id='word_1_177' title='bbox 1734 2059 1840 2124; x_wconf 82' lang='lat' dir='ltr'><strong>Actor</strong></span> <span class='ocrx_word' id='word_1_178' title='bbox 1857 2079 1924 2123; x_wconf 86' lang='lat' dir='ltr'><strong>anu</strong></span> <span class='ocrx_word' id='word_1_179' title='bbox 1945 2058 2014 2134; x_wconf 88' lang='grc'><strong>1118,</strong></span> 
     </span>
     <span class='ocr_line' id='line_1_17' title="bbox 219 2161 2014 2261; baseline 0.004 -31"><span class='ocrx_word' id='word_1_180' title='bbox 219 2167 259 2232; x_wconf 90' lang='grc'><strong>16</strong></span> <span class='ocrx_word' id='word_1_181' title='bbox 281 2189 346 2250; x_wconf 85' lang='lat' dir='ltr'><strong>qua</strong></span> <span class='ocrx_word' id='word_1_182' title='bbox 366 2170 403 2233; x_wconf 92' lang='lat' dir='ltr'><strong>in</strong></span> <span class='ocrx_word' id='word_1_183' title='bbox 424 2169 484 2236; x_wconf 87' lang='lat' dir='ltr'><strong>hac</strong></span> <span class='ocrx_word' id='word_1_184' title='bbox 505 2172 653 2238; x_wconf 87' lang='lat' dir='ltr'><strong>oratione</strong></span> <span class='ocrx_word' id='word_1_185' title='bbox 675 2194 783 2238; x_wconf 90' lang='lat' dir='ltr'><strong>sermo</strong></span> <span class='ocrx_word' id='word_1_186' title='bbox 804 2183 864 2252; x_wconf 91' lang='lat' dir='ltr'><strong>est,</strong></span> <span class='ocrx_word' id='word_1_187' title='bbox 886 2161 1025 2255; x_wconf 87' lang='grc'><strong>18611118,</strong></span> <span class='ocrx_word' id='word_1_188' title='bbox 1046 2183 1223 2260; x_wconf 90' lang='lat' dir='ltr'><strong>postquam</strong></span> <span class='ocrx_word' id='word_1_189' title='bbox 1243 2183 1399 2261; x_wconf 85' lang='grc'><strong>81638188</strong></span> <span class='ocrx_word' id='word_1_190' title='bbox 1419 2176 1503 2241; x_wconf 89' lang='lat' dir='ltr'><strong>adiit</strong></span> <span class='ocrx_word' id='word_1_191' title='bbox 1524 2183 1559 2240; x_wconf 89' lang='lat' dir='ltr'><strong>et</strong></span> <span class='ocrx_word' id='word_1_192' title='bbox 1583 2175 1625 2240; x_wconf 87' lang='lat' dir='ltr'><strong>ab</strong></span> <span class='ocrx_word' id='word_1_193' title='bbox 1646 2177 1689 2240; x_wconf 92' lang='grc'><strong>118</strong></span> <span class='ocrx_word' id='word_1_194' title='bbox 1709 2176 1817 2259; x_wconf 88' lang='lat' dir='ltr'><strong>petiit,</strong></span> <span class='ocrx_word' id='word_1_195' title='bbox 1836 2181 1877 2238; x_wconf 89' lang='lat' dir='ltr'><strong>ut</strong></span> <span class='ocrx_word' id='word_1_196' title='bbox 1898 2173 2014 2239; x_wconf 86' lang='grc'><strong>88816-</strong></span> 
     </span>
     <span class='ocr_line' id='line_1_18' title="bbox 218 2285 2012 2378; baseline 0.004 -30"><span class='ocrx_word' id='word_1_197' title='bbox 218 2293 302 2362; x_wconf 89' lang='grc'><strong>1681,</strong></span> <span class='ocrx_word' id='word_1_198' title='bbox 325 2285 403 2368; x_wconf 90' lang='lat' dir='ltr'><strong>quid</strong></span> <span class='ocrx_word' id='word_1_199' title='bbox 425 2286 488 2352; x_wconf 90' lang='lat' dir='ltr'><strong>sibi</strong></span> <span class='ocrx_word' id='word_1_200' title='bbox 510 2287 699 2355; x_wconf 85' lang='lat' dir='ltr'><strong>faciendum</strong></span> <span class='ocrx_word' id='word_1_201' title='bbox 719 2300 817 2370; x_wconf 89' lang='grc'><strong>88881,</strong></span> <span class='ocrx_word' id='word_1_202' title='bbox 839 2292 873 2356; x_wconf 93' lang='grc'><strong>11</strong></span> <span class='ocrx_word' id='word_1_203' title='bbox 903 2314 1100 2376; x_wconf 87' lang='lat' dir='ltr'><strong>responsum</strong></span> <span class='ocrx_word' id='word_1_204' title='bbox 1131 2293 1228 2358; x_wconf 87' lang='lat' dir='ltr'><strong>tulit:</strong></span> <span class='ocrx_word' id='word_1_205' title='bbox 1262 2295 1349 2378; x_wconf 77' lang='grc' dir='ltr'>ἡμεῖς</span> <span class='ocrx_word' id='word_1_206' title='bbox 1366 2296 1460 2358; x_wconf 85' lang='grc' dir='ltr'>τοίνυν</span> <span class='ocrx_word' id='word_1_207' title='bbox 1483 2315 1528 2357; x_wconf 84' lang='grc' dir='ltr'><strong>σοι</strong></span> <span class='ocrx_word' id='word_1_208' title='bbox 1547 2293 1583 2356; x_wconf 78' lang='grc' dir='ltr'><strong>τὰ</strong></span> <span class='ocrx_word' id='word_1_209' title='bbox 1606 2295 1656 2376; x_wconf 84' lang='grc' dir='ltr'><strong>μὲν</strong></span> <span class='ocrx_word' id='word_1_210' title='bbox 1675 2292 1783 2377; x_wconf 75' lang='grc' dir='ltr'>νόμιμα</span> <span class='ocrx_word' id='word_1_211' title='bbox 1802 2291 2012 2376; x_wconf 71' lang='grc' dir='ltr'><strong>ἐξηγησόμεθα.</strong></span> 
     </span>
     <span class='ocr_line' id='line_1_19' title="bbox 217 2401 2076 2496; baseline 0.004 -32"><span class='ocrx_word' id='word_1_212' title='bbox 217 2401 252 2464; x_wconf 79' lang='lat' dir='ltr'><strong>rol</strong></span> <span class='ocrx_word' id='word_1_213' title='bbox 272 2403 305 2464; x_wconf 75' lang='grc' dir='ltr'><strong>δὲ</strong></span> <span class='ocrx_word' id='word_1_214' title='bbox 326 2403 460 2488; x_wconf 68' lang='grc' dir='ltr'>σύμφορα</span> <span class='ocrx_word' id='word_1_215' title='bbox 476 2406 800 2491; x_wconf 74' lang='grc' dir='ltr'>παραινέσομεν-εἶτα</span> <span class='ocrx_word' id='word_1_216' title='bbox 819 2411 892 2496; x_wconf 85' lang='grc' dir='ltr'>πρὸς</span> <span class='ocrx_word' id='word_1_217' title='bbox 911 2412 960 2474; x_wconf 90' lang='grc' dir='ltr'><strong>τδν</strong></span> <span class='ocrx_word' id='word_1_218' title='bbox 983 2411 1101 2495; x_wconf 69' lang='grc' dir='ltr'>βασιλέα</span> <span class='ocrx_word' id='word_1_219' title='bbox 1122 2412 1163 2494; x_wconf 87' lang='grc' dir='ltr'><strong>μὴ</strong></span> <span class='ocrx_word' id='word_1_220' title='bbox 1185 2413 1348 2495; x_wconf 78' lang='grc' dir='ltr'>λαγχάνειν,</span> <span class='ocrx_word' id='word_1_221' title='bbox 1370 2411 1439 2475; x_wconf 79' lang='grc' dir='ltr'>οὐδὲ</span> <span class='ocrx_word' id='word_1_222' title='bbox 1459 2411 1513 2496; x_wconf 83' lang='grc' dir='ltr'><strong>γὰρ</strong></span> <span class='ocrx_word' id='word_1_223' title='bbox 1534 2411 1563 2474; x_wconf 83' lang='grc' dir='ltr'><strong>ἐν</strong></span> <span class='ocrx_word' id='word_1_224' title='bbox 1585 2415 1628 2496; x_wconf 79' lang='grc' dir='ltr'><strong>τῷ</strong></span> <span class='ocrx_word' id='word_1_225' title='bbox 1647 2409 1730 2496; x_wconf 85' lang='grc' dir='ltr'>νόμιρ</span> <span class='ocrx_word' id='word_1_226' title='bbox 1751 2407 1811 2473; x_wconf 80' lang='grc' dir='ltr'>ἔστι</span> <span class='ocrx_word' id='word_1_227' title='bbox 1832 2434 1885 2487; x_wconf 85' lang='grc' dir='ltr'>σοι,</span> <span class='ocrx_word' id='word_1_228' title='bbox 1902 2409 1937 2472; x_wconf 80' lang='lat' dir='ltr'><strong>oh</strong></span> <span class='ocrx_word' id='word_1_229' title='bbox 1958 2411 2013 2493; x_wconf 89' lang='grc' dir='ltr'><strong>γάρ</strong></span> <span class='ocrx_word' id='word_1_230' title='bbox 2074 2468 2076 2472; x_wconf 89' lang='grc'><strong>,</strong></span> 
     </span>
    </p>
   </div>
   <div class='ocr_carea' id='block_1_4' title="bbox 206 2517 2014 5077">
    <p class='ocr_par' dir='ltr' id='par_1_5' title="bbox 206 2517 2014 5077">
     <span class='ocr_line' id='line_1_20' title="bbox 216 2517 2013 2613; baseline 0.006 -34"><span class='ocrx_word' id='word_1_231' title='bbox 216 2517 288 2580; x_wconf 78' lang='grc' dir='ltr'>ἐστιν</span> <span class='ocrx_word' id='word_1_232' title='bbox 309 2519 338 2581; x_wconf 81' lang='grc' dir='ltr'><strong>ἐν</strong></span> <span class='ocrx_word' id='word_1_233' title='bbox 360 2519 433 2602; x_wconf 82' lang='grc' dir='ltr'>γένει</span> <span class='ocrx_word' id='word_1_234' title='bbox 464 2523 542 2606; x_wconf 60' lang='lat' dir='ltr'><strong>ccii]</strong></span> <span class='ocrx_word' id='word_1_235' title='bbox 575 2521 739 2608; x_wconf 79' lang='grc' dir='ltr'>ἅνθρωπος,</span> <span class='ocrx_word' id='word_1_236' title='bbox 775 2525 843 2590; x_wconf 80' lang='grc' dir='ltr'>οὐδὲ</span> <span class='ocrx_word' id='word_1_237' title='bbox 864 2528 1023 2613; x_wconf 77' lang='grc' dir='ltr'>θεράπαινα</span> <span class='ocrx_word' id='word_1_238' title='bbox 1043 2529 1072 2598; x_wconf 78' lang='grc' dir='ltr'><strong>ἐξ</strong></span> <span class='ocrx_word' id='word_1_239' title='bbox 1093 2529 1132 2591; x_wconf 81' lang='grc' dir='ltr'><strong>ὧν</strong></span> <span class='ocrx_word' id='word_1_240' title='bbox 1155 2529 1191 2592; x_wconf 84' lang='lat' dir='ltr'><strong>cb</strong></span> <span class='ocrx_word' id='word_1_241' title='bbox 1215 2529 1312 2611; x_wconf 77' lang='grc' dir='ltr'>λέγεις.</span> <span class='ocrx_word' id='word_1_242' title='bbox 1342 2530 1370 2592; x_wconf 77' lang='grc' dir='ltr'><strong>οἱ</strong></span> <span class='ocrx_word' id='word_1_243' title='bbox 1391 2531 1423 2592; x_wconf 78' lang='grc' dir='ltr'><strong>δὲ</strong></span> <span class='ocrx_word' id='word_1_244' title='bbox 1442 2528 1526 2612; x_wconf 82' lang='grc' dir='ltr'>νόμοι</span> <span class='ocrx_word' id='word_1_245' title='bbox 1546 2528 1655 2592; x_wconf 76' lang='grc' dir='ltr'>τούτων</span> <span class='ocrx_word' id='word_1_246' title='bbox 1677 2528 1825 2591; x_wconf 79' lang='grc' dir='ltr'>κελεύουσι</span> <span class='ocrx_word' id='word_1_247' title='bbox 1845 2528 1897 2611; x_wconf 71' lang='grc' dir='ltr'><strong>τὴν</strong></span> <span class='ocrx_word' id='word_1_248' title='bbox 1919 2527 2013 2597; x_wconf 77' lang='grc' dir='ltr'>δίωξιν</span> 
     </span>
     <span class='ocr_line' id='line_1_21' title="bbox 217 2632 2013 2732; baseline 0.008 -38"><span class='ocrx_word' id='word_1_249' title='bbox 217 2632 296 2697; x_wconf 82' lang='grc' dir='ltr'>εἶναι.</span> <span class='ocrx_word' id='word_1_250' title='bbox 339 2636 511 2702; x_wconf 83' lang='lat' dir='ltr'><strong>Vertenda</strong></span> <span class='ocrx_word' id='word_1_251' title='bbox 543 2647 623 2704; x_wconf 91' lang='lat' dir='ltr'><strong>sunt</strong></span> <span class='ocrx_word' id='word_1_252' title='bbox 655 2641 759 2707; x_wconf 83' lang='lat' dir='ltr'><strong>verba</strong></span> <span class='ocrx_word' id='word_1_253' title='bbox 792 2643 879 2720; x_wconf 71' lang='lat' dir='ltr'><strong>„oses</strong></span> <span class='ocrx_word' id='word_1_254' title='bbox 909 2645 963 2730; x_wconf 84' lang='grc' dir='ltr'><strong>γὰρ</strong></span> <span class='ocrx_word' id='word_1_255' title='bbox 983 2645 1013 2708; x_wconf 85' lang='grc' dir='ltr'><strong>ἐν</strong></span> <span class='ocrx_word' id='word_1_256' title='bbox 1033 2651 1076 2732; x_wconf 75' lang='grc' dir='ltr'><strong>τῷ</strong></span> <span class='ocrx_word' id='word_1_257' title='bbox 1096 2645 1178 2732; x_wconf 83' lang='grc' dir='ltr'>νόριρ</span> <span class='ocrx_word' id='word_1_258' title='bbox 1201 2644 1261 2709; x_wconf 76' lang='grc' dir='ltr'>ἔστι</span> <span class='ocrx_word' id='word_1_259' title='bbox 1281 2653 1345 2710; x_wconf 81' lang='grc' dir='ltr'>σοι“</span> <span class='ocrx_word' id='word_1_260' title='bbox 1367 2653 1443 2710; x_wconf 88' lang='grc'><strong>881;</strong></span> <span class='ocrx_word' id='word_1_261' title='bbox 1465 2665 1533 2710; x_wconf 89' lang='grc'><strong>868</strong></span> <span class='ocrx_word' id='word_1_262' title='bbox 1554 2643 1822 2728; x_wconf 84' lang='grc'><strong>1168111111636,</strong></span> <span class='ocrx_word' id='word_1_263' title='bbox 1844 2652 1917 2708; x_wconf 87' lang='lat' dir='ltr'><strong>aut:</strong></span> <span class='ocrx_word' id='word_1_264' title='bbox 1938 2644 2013 2726; x_wconf 83' lang='grc'><strong>1638</strong></span> 
     </span>
     <span class='ocr_line' id='line_1_22' title="bbox 219 2754 2014 2844; baseline 0.007 -32"><span class='ocrx_word' id='word_1_265' title='bbox 219 2769 286 2813; x_wconf 89' lang='grc'><strong>868</strong></span> <span class='ocrx_word' id='word_1_266' title='bbox 307 2754 439 2835; x_wconf 90' lang='grc'><strong>6638118.</strong></span> <span class='ocrx_word' id='word_1_267' title='bbox 482 2755 636 2822; x_wconf 88' lang='lat' dir='ltr'><strong>Priorem</strong></span> <span class='ocrx_word' id='word_1_268' title='bbox 657 2758 934 2842; x_wconf 82' lang='lat' dir='ltr'><strong>significationem</strong></span> <span class='ocrx_word' id='word_1_269' title='bbox 955 2763 1012 2843; x_wconf 93' lang='lat' dir='ltr'><strong>qui</strong></span> <span class='ocrx_word' id='word_1_270' title='bbox 1033 2761 1073 2826; x_wconf 92' lang='lat' dir='ltr'><strong>de</strong></span> <span class='ocrx_word' id='word_1_271' title='bbox 1095 2762 1156 2828; x_wconf 90' lang='lat' dir='ltr'><strong>hac</strong></span> <span class='ocrx_word' id='word_1_272' title='bbox 1177 2785 1214 2828; x_wconf 90' lang='lat' dir='ltr'><strong>rc</strong></span> <span class='ocrx_word' id='word_1_273' title='bbox 1235 2763 1465 2828; x_wconf 89' lang='lat' dir='ltr'><strong>disseruerunt</strong></span> <span class='ocrx_word' id='word_1_274' title='bbox 1491 2783 1606 2827; x_wconf 89' lang='lat' dir='ltr'><strong>omnes</strong></span> <span class='ocrx_word' id='word_1_275' title='bbox 1637 2763 1707 2827; x_wconf 86' lang='lat' dir='ltr'><strong>fore</strong></span> <span class='ocrx_word' id='word_1_276' title='bbox 1727 2768 1934 2844; x_wconf 88' lang='lat' dir='ltr'><strong>receperunt,</strong></span> <span class='ocrx_word' id='word_1_277' title='bbox 1956 2761 2014 2824; x_wconf 92' lang='grc'><strong>861</strong></span> 
     </span>
     <span class='ocr_line' id='line_1_23' title="bbox 217 2871 2013 2964; baseline 0.006 -32"><span class='ocrx_word' id='word_1_278' title='bbox 217 2874 297 2932; x_wconf 88' lang='grc'><strong>8881</strong></span> <span class='ocrx_word' id='word_1_279' title='bbox 316 2890 389 2952; x_wconf 77' lang='lat' dir='ltr'><strong>quar</strong></span> <span class='ocrx_word' id='word_1_280' title='bbox 410 2871 618 2957; x_wconf 85' lang='lat' dir='ltr'><strong>prohibeant,</strong></span> <span class='ocrx_word' id='word_1_281' title='bbox 640 2877 816 2958; x_wconf 89' lang='lat' dir='ltr'><strong>quominus</strong></span> <span class='ocrx_word' id='word_1_282' title='bbox 838 2898 954 2944; x_wconf 92' lang='lat' dir='ltr'><strong>corum</strong></span> <span class='ocrx_word' id='word_1_283' title='bbox 975 2881 1178 2944; x_wconf 87' lang='lat' dir='ltr'><strong>sententiam</strong></span> <span class='ocrx_word' id='word_1_284' title='bbox 1198 2880 1384 2963; x_wconf 90' lang='lat' dir='ltr'><strong>probemus.</strong></span> <span class='ocrx_word' id='word_1_285' title='bbox 1427 2881 1479 2945; x_wconf 89' lang='lat' dir='ltr'><strong>Ao</strong></span> <span class='ocrx_word' id='word_1_286' title='bbox 1497 2881 1643 2964; x_wconf 87' lang='lat' dir='ltr'><strong>primum</strong></span> <span class='ocrx_word' id='word_1_287' title='bbox 1656 2879 1790 2964; x_wconf 91' lang='lat' dir='ltr'><strong>quidem</strong></span> <span class='ocrx_word' id='word_1_288' title='bbox 1810 2878 1851 2942; x_wconf 87' lang='lat' dir='ltr'><strong>ad</strong></span> <span class='ocrx_word' id='word_1_289' title='bbox 1873 2899 1920 2957; x_wconf 92' lang='grc'><strong>68,</strong></span> <span class='ocrx_word' id='word_1_290' title='bbox 1939 2899 2013 2961; x_wconf 75' lang='lat' dir='ltr'><strong>quas</strong></span> 
     </span>
     <span class='ocr_line' id='line_1_24' title="bbox 216 2989 2013 3084; baseline 0.006 -35"><span class='ocrx_word' id='word_1_291' title='bbox 216 2994 363 3070; x_wconf 85' lang='grc'><strong>61636181</strong></span> <span class='ocrx_word' id='word_1_292' title='bbox 384 2989 656 3073; x_wconf 86' lang='lat' dir='ltr'><strong>interpretantur,</strong></span> <span class='ocrx_word' id='word_1_293' title='bbox 677 2994 851 3061; x_wconf 85' lang='lat' dir='ltr'><strong>referenda</strong></span> <span class='ocrx_word' id='word_1_294' title='bbox 871 2997 974 3061; x_wconf 86' lang='lat' dir='ltr'><strong>verba</strong></span> <span class='ocrx_word' id='word_1_295' title='bbox 995 3018 1082 3063; x_wconf 88' lang='lat' dir='ltr'><strong>csse:</strong></span> <span class='ocrx_word' id='word_1_296' title='bbox 1102 3004 1216 3084; x_wconf 81' lang='grc' dir='ltr'>πρῶτον</span> <span class='ocrx_word' id='word_1_297' title='bbox 1239 3000 1289 3083; x_wconf 78' lang='grc' dir='ltr'><strong>μὲν</strong></span> <span class='ocrx_word' id='word_1_298' title='bbox 1310 3020 1415 3081; x_wconf 91' lang='lat' dir='ltr'><strong>usque</strong></span> <span class='ocrx_word' id='word_1_299' title='bbox 1436 2998 1478 3063; x_wconf 92' lang='grc'><strong>81</strong></span> <span class='ocrx_word' id='word_1_300' title='bbox 1498 3000 1544 3062; x_wconf 78' lang='grc' dir='ltr'><strong>ἐπὶ</strong></span> <span class='ocrx_word' id='word_1_301' title='bbox 1564 3002 1642 3083; x_wconf 84' lang='grc' dir='ltr'>τρεῖς</span> <span class='ocrx_word' id='word_1_302' title='bbox 1661 2998 1780 3083; x_wconf 73' lang='grc' dir='ltr'>ἡμέρας,</span> <span class='ocrx_word' id='word_1_303' title='bbox 1796 2997 1877 3061; x_wconf 84' lang='lat' dir='ltr'><strong>satis</strong></span> <span class='ocrx_word' id='word_1_304' title='bbox 1897 2998 2013 3080; x_wconf 88' lang='lat' dir='ltr'><strong>liquet.</strong></span> 
     </span>
     <span class='ocr_line' id='line_1_25' title="bbox 216 3100 2013 3199; baseline 0.007 -32"><span class='ocrx_word' id='word_1_305' title='bbox 216 3100 347 3167; x_wconf 87' lang='lat' dir='ltr'><strong>Deinde</strong></span> <span class='ocrx_word' id='word_1_306' title='bbox 370 3106 412 3169; x_wconf 87' lang='grc'><strong>118</strong></span> <span class='ocrx_word' id='word_1_307' title='bbox 433 3127 506 3189; x_wconf 87' lang='lat' dir='ltr'><strong>quae</strong></span> <span class='ocrx_word' id='word_1_308' title='bbox 527 3118 714 3191; x_wconf 91' lang='lat' dir='ltr'><strong>sequuntur</strong></span> <span class='ocrx_word' id='word_1_309' title='bbox 733 3112 847 3177; x_wconf 80' lang='lat' dir='ltr'><strong>verbis</strong></span> <span class='ocrx_word' id='word_1_310' title='bbox 879 3116 1044 3180; x_wconf 88' lang='lat' dir='ltr'><strong>contineri</strong></span> <span class='ocrx_word' id='word_1_311' title='bbox 1075 3115 1230 3181; x_wconf 86' lang='lat' dir='ltr'><strong>debuisse</strong></span> <span class='ocrx_word' id='word_1_312' title='bbox 1250 3123 1416 3199; x_wconf 83' lang='lat' dir='ltr'><strong>putamus,</strong></span> <span class='ocrx_word' id='word_1_313' title='bbox 1437 3134 1511 3198; x_wconf 79' lang='lat' dir='ltr'><strong>quas</strong></span> <span class='ocrx_word' id='word_1_314' title='bbox 1531 3136 1567 3181; x_wconf 92' lang='lat' dir='ltr'><strong>se</strong></span> <span class='ocrx_word' id='word_1_315' title='bbox 1589 3136 1744 3181; x_wconf 85' lang='lat' dir='ltr'><strong>suasuros</strong></span> <span class='ocrx_word' id='word_1_316' title='bbox 1765 3136 1837 3179; x_wconf 90' lang='grc'><strong>6886</strong></span> <span class='ocrx_word' id='word_1_317' title='bbox 1865 3122 2013 3199; x_wconf 79' lang='grc'><strong>81838181</strong></span> 
     </span>
     <span class='ocr_line' id='line_1_26' title="bbox 215 3220 2014 3315; baseline 0.007 -33"><span class='ocrx_word' id='word_1_318' title='bbox 215 3220 438 3302; x_wconf 89' lang='lat' dir='ltr'><strong>promiserint,</strong></span> <span class='ocrx_word' id='word_1_319' title='bbox 469 3221 526 3285; x_wconf 90' lang='lat' dir='ltr'><strong>sed</strong></span> <span class='ocrx_word' id='word_1_320' title='bbox 559 3224 588 3287; x_wconf 92' lang='lat' dir='ltr'><strong>si</strong></span> <span class='ocrx_word' id='word_1_321' title='bbox 609 3224 722 3289; x_wconf 88' lang='lat' dir='ltr'><strong>verbis</strong></span> <span class='ocrx_word' id='word_1_322' title='bbox 743 3226 812 3291; x_wconf 77' lang='grc' dir='ltr'>οὐδὲ</span> <span class='ocrx_word' id='word_1_323' title='bbox 830 3228 887 3312; x_wconf 82' lang='grc' dir='ltr'><strong>γὰρ</strong></span> <span class='ocrx_word' id='word_1_324' title='bbox 908 3230 938 3292; x_wconf 83' lang='grc' dir='ltr'><strong>ἐν</strong></span> <span class='ocrx_word' id='word_1_325' title='bbox 959 3230 1042 3315; x_wconf 85' lang='grc' dir='ltr'>νόριρ</span> <span class='ocrx_word' id='word_1_326' title='bbox 1064 3228 1123 3295; x_wconf 80' lang='grc' dir='ltr'>ἔστι</span> <span class='ocrx_word' id='word_1_327' title='bbox 1144 3256 1189 3295; x_wconf 81' lang='grc' dir='ltr'><strong>σοι</strong></span> <span class='ocrx_word' id='word_1_328' title='bbox 1210 3231 1296 3296; x_wconf 86' lang='lat' dir='ltr'><strong>hanc</strong></span> <span class='ocrx_word' id='word_1_329' title='bbox 1327 3233 1530 3297; x_wconf 85' lang='lat' dir='ltr'><strong>sententiam</strong></span> <span class='ocrx_word' id='word_1_330' title='bbox 1560 3232 1695 3297; x_wconf 85' lang='lat' dir='ltr'><strong>subesse</strong></span> <span class='ocrx_word' id='word_1_331' title='bbox 1725 3231 2014 3315; x_wconf 76' lang='grc' dir='ltr'><strong>161811188ε,1636</strong></span> 
     </span>
     <span class='ocr_line' id='line_1_27' title="bbox 214 3336 2010 3431; baseline 0.007 -32"><span class='ocrx_word' id='word_1_332' title='bbox 214 3336 581 3421; x_wconf 83' lang='grc'><strong>116811661“,61836118</strong></span> <span class='ocrx_word' id='word_1_333' title='bbox 602 3360 671 3403; x_wconf 90' lang='grc'><strong>868</strong></span> <span class='ocrx_word' id='word_1_334' title='bbox 693 3348 761 3405; x_wconf 90' lang='lat' dir='ltr'><strong>tam</strong></span> <span class='ocrx_word' id='word_1_335' title='bbox 783 3344 925 3409; x_wconf 87' lang='lat' dir='ltr'><strong>suasisse</strong></span> <span class='ocrx_word' id='word_1_336' title='bbox 948 3345 1082 3429; x_wconf 87' lang='lat' dir='ltr'><strong>aliquid,</strong></span> <span class='ocrx_word' id='word_1_337' title='bbox 1104 3368 1204 3430; x_wconf 88' lang='lat' dir='ltr'><strong>quam</strong></span> <span class='ocrx_word' id='word_1_338' title='bbox 1236 3369 1309 3431; x_wconf 73' lang='lat' dir='ltr'><strong>quae</strong></span> <span class='ocrx_word' id='word_1_339' title='bbox 1330 3349 1404 3431; x_wconf 92' lang='grc'><strong>1636</strong></span> <span class='ocrx_word' id='word_1_340' title='bbox 1437 3349 1547 3414; x_wconf 86' lang='lat' dir='ltr'><strong>vetita</strong></span> <span class='ocrx_word' id='word_1_341' title='bbox 1567 3356 1671 3426; x_wconf 90' lang='grc'><strong>61881,</strong></span> <span class='ocrx_word' id='word_1_342' title='bbox 1693 3348 1937 3413; x_wconf 77' lang='lat' dir='ltr'><strong>demonstrasse</strong></span> <span class='ocrx_word' id='word_1_343' title='bbox 1958 3350 2010 3414; x_wconf 82' lang='lat' dir='ltr'><strong>vi-</strong></span> 
     </span>
     <span class='ocr_line' id='line_1_28' title="bbox 214 3451 2010 3555; baseline 0.007 -39"><span class='ocrx_word' id='word_1_344' title='bbox 214 3451 344 3517; x_wconf 86' lang='lat' dir='ltr'><strong>dentur.</strong></span> <span class='ocrx_word' id='word_1_345' title='bbox 388 3454 474 3521; x_wconf 75' lang='lat' dir='ltr'><strong>Tum</strong></span> <span class='ocrx_word' id='word_1_346' title='bbox 506 3455 621 3521; x_wconf 80' lang='lat' dir='ltr'><strong>verba:</strong></span> <span class='ocrx_word' id='word_1_347' title='bbox 642 3458 750 3522; x_wconf 77' lang='grc' dir='ltr'><strong>1118τέ1</strong></span> <span class='ocrx_word' id='word_1_348' title='bbox 781 3462 876 3543; x_wconf 77' lang='grc' dir='ltr'>διομεῖ</span> <span class='ocrx_word' id='word_1_349' title='bbox 894 3461 940 3525; x_wconf 76' lang='lat' dir='ltr'><strong>aa</strong></span> <span class='ocrx_word' id='word_1_350' title='bbox 963 3461 1119 3555; x_wconf 73' lang='grc' dir='ltr'>Παλλαδίῳ</span> <span class='ocrx_word' id='word_1_351' title='bbox 1151 3464 1240 3535; x_wconf 81' lang='grc' dir='ltr'>αὐτὸς</span> <span class='ocrx_word' id='word_1_352' title='bbox 1268 3468 1316 3529; x_wconf 74' lang='lat' dir='ltr'><strong>acl</strong></span> <span class='ocrx_word' id='word_1_353' title='bbox 1349 3465 1463 3549; x_wconf 78' lang='grc' dir='ltr'>ἠγονὴ</span> <span class='ocrx_word' id='word_1_354' title='bbox 1485 3466 1533 3529; x_wconf 88' lang='grc'><strong>11111</strong></span> <span class='ocrx_word' id='word_1_355' title='bbox 1553 3467 1590 3530; x_wconf 71' lang='grc' dir='ltr'><strong>τὰ</strong></span> <span class='ocrx_word' id='word_1_356' title='bbox 1608 3467 1708 3529; x_wconf 76' lang='grc' dir='ltr'>παιδία</span> <span class='ocrx_word' id='word_1_357' title='bbox 1727 3468 1776 3529; x_wconf 78' lang='lat' dir='ltr'><strong>aul</strong></span> <span class='ocrx_word' id='word_1_358' title='bbox 1805 3466 2010 3551; x_wconf 78' lang='grc' dir='ltr'>καταράσασδε</span> 
     </span>
     <span class='ocr_line' id='line_1_29' title="bbox 214 3568 2009 3668; baseline 0.01 -37"><span class='ocrx_word' id='word_1_359' title='bbox 214 3568 314 3639; x_wconf 78' lang='grc' dir='ltr'>αὐτοῖς</span> <span class='ocrx_word' id='word_1_360' title='bbox 332 3572 380 3634; x_wconf 80' lang='grc' dir='ltr'><strong>καὶ</strong></span> <span class='ocrx_word' id='word_1_361' title='bbox 398 3594 435 3657; x_wconf 65' lang='lat' dir='ltr'><strong>cp</strong></span> <span class='ocrx_word' id='word_1_362' title='bbox 458 3573 542 3657; x_wconf 67' lang='grc'><strong>611118,</strong></span> <span class='ocrx_word' id='word_1_363' title='bbox 563 3574 669 3659; x_wconf 82' lang='grc' dir='ltr'>χείρων</span> <span class='ocrx_word' id='word_1_364' title='bbox 688 3600 719 3639; x_wconf 88' lang='grc' dir='ltr'><strong>τε</strong></span> <span class='ocrx_word' id='word_1_365' title='bbox 740 3576 830 3647; x_wconf 77' lang='grc' dir='ltr'>δόξεις</span> <span class='ocrx_word' id='word_1_366' title='bbox 849 3582 971 3649; x_wconf 81' lang='grc' dir='ltr'><strong>πολλοῖς</strong></span> <span class='ocrx_word' id='word_1_367' title='bbox 990 3578 1072 3657; x_wconf 81' lang='grc' dir='ltr'>εἶναι,</span> <span class='ocrx_word' id='word_1_368' title='bbox 1093 3581 1145 3645; x_wconf 70' lang='grc' dir='ltr'><strong>κᾶν</strong></span> <span class='ocrx_word' id='word_1_369' title='bbox 1169 3584 1219 3665; x_wconf 80' lang='grc' dir='ltr'><strong>μὲν</strong></span> <span class='ocrx_word' id='word_1_370' title='bbox 1242 3581 1378 3667; x_wconf 74' lang='grc' dir='ltr'>ἀποφύγῃ</span> <span class='ocrx_word' id='word_1_371' title='bbox 1401 3584 1430 3646; x_wconf 85' lang='lat' dir='ltr'><strong>c&#39;</strong></span> <span class='ocrx_word' id='word_1_372' title='bbox 1441 3583 1654 3668; x_wconf 74' lang='grc' dir='ltr'>ἐπιωρκηκέναι,</span> <span class='ocrx_word' id='word_1_373' title='bbox 1675 3568 1727 3647; x_wconf 69' lang='lat' dir='ltr'><strong>tela</strong></span> <span class='ocrx_word' id='word_1_374' title='bbox 1746 3585 1778 3647; x_wconf 75' lang='grc' dir='ltr'><strong>δὲ</strong></span> <span class='ocrx_word' id='word_1_375' title='bbox 1798 3584 1878 3667; x_wconf 74' lang='grc' dir='ltr'>ἕλῃς,</span> <span class='ocrx_word' id='word_1_376' title='bbox 1899 3585 2009 3668; x_wconf 75' lang='grc' dir='ltr'>φθονή-</span> 
     </span>
     <span class='ocr_line' id='line_1_30' title="bbox 214 3686 2010 3781; baseline 0.008 -32"><span class='ocrx_word' id='word_1_377' title='bbox 214 3708 264 3762; x_wconf 79' lang='grc' dir='ltr'>σει,</span> <span class='ocrx_word' id='word_1_378' title='bbox 286 3686 365 3768; x_wconf 93' lang='lat' dir='ltr'><strong>quid</strong></span> <span class='ocrx_word' id='word_1_379' title='bbox 387 3687 451 3753; x_wconf 91' lang='lat' dir='ltr'><strong>sibi</strong></span> <span class='ocrx_word' id='word_1_380' title='bbox 473 3689 590 3768; x_wconf 82' lang='lat' dir='ltr'><strong>velint,</strong></span> <span class='ocrx_word' id='word_1_381' title='bbox 606 3694 781 3772; x_wconf 92' lang='lat' dir='ltr'><strong>nescimus,</strong></span> <span class='ocrx_word' id='word_1_382' title='bbox 797 3716 908 3777; x_wconf 87' lang='lat' dir='ltr'><strong>quum,</strong></span> <span class='ocrx_word' id='word_1_383' title='bbox 923 3696 988 3761; x_wconf 88' lang='lat' dir='ltr'><strong>etsi</strong></span> <span class='ocrx_word' id='word_1_384' title='bbox 1009 3695 1083 3781; x_wconf 89' lang='grc'><strong>1636</strong></span> <span class='ocrx_word' id='word_1_385' title='bbox 1104 3720 1172 3763; x_wconf 88' lang='grc'><strong>868</strong></span> <span class='ocrx_word' id='word_1_386' title='bbox 1193 3720 1385 3764; x_wconf 88' lang='grc'><strong>6686688818</strong></span> <span class='ocrx_word' id='word_1_387' title='bbox 1405 3700 1517 3778; x_wconf 69' lang='lat' dir='ltr'><strong>fixerit,</strong></span> <span class='ocrx_word' id='word_1_388' title='bbox 1537 3707 1650 3764; x_wconf 85' lang='lat' dir='ltr'><strong>tamon</strong></span> <span class='ocrx_word' id='word_1_389' title='bbox 1670 3700 1774 3765; x_wconf 87' lang='lat' dir='ltr'><strong>actori</strong></span> <span class='ocrx_word' id='word_1_390' title='bbox 1795 3720 1947 3765; x_wconf 87' lang='lat' dir='ltr'><strong>accusare</strong></span> <span class='ocrx_word' id='word_1_391' title='bbox 1968 3700 2010 3765; x_wconf 92' lang='lat' dir='ltr'><strong>li-</strong></span> 
     </span>
     <span class='ocr_line' id='line_1_31' title="bbox 213 3804 2009 3902; baseline 0.01 -37"><span class='ocrx_word' id='word_1_392' title='bbox 213 3804 329 3880; x_wconf 90' lang='lat' dir='ltr'><strong>cuisse,</strong></span> <span class='ocrx_word' id='word_1_393' title='bbox 344 3804 508 3885; x_wconf 87' lang='lat' dir='ltr'><strong>possimus</strong></span> <span class='ocrx_word' id='word_1_394' title='bbox 523 3806 687 3892; x_wconf 80' lang='lat' dir='ltr'><strong>colligere.</strong></span> <span class='ocrx_word' id='word_1_395' title='bbox 708 3810 824 3893; x_wconf 89' lang='lat' dir='ltr'><strong>Neque</strong></span> <span class='ocrx_word' id='word_1_396' title='bbox 839 3812 951 3878; x_wconf 89' lang='lat' dir='ltr'><strong>minus</strong></span> <span class='ocrx_word' id='word_1_397' title='bbox 966 3835 1004 3879; x_wconf 92' lang='lat' dir='ltr'><strong>eo</strong></span> <span class='ocrx_word' id='word_1_398' title='bbox 1020 3813 1228 3893; x_wconf 88' lang='lat' dir='ltr'><strong>offendimur,</strong></span> <span class='ocrx_word' id='word_1_399' title='bbox 1243 3815 1330 3899; x_wconf 93' lang='lat' dir='ltr'><strong>quod</strong></span> <span class='ocrx_word' id='word_1_400' title='bbox 1344 3823 1497 3894; x_wconf 89' lang='lat' dir='ltr'><strong>actorem,</strong></span> <span class='ocrx_word' id='word_1_401' title='bbox 1513 3818 1664 3900; x_wconf 87' lang='lat' dir='ltr'><strong>quamvis</strong></span> <span class='ocrx_word' id='word_1_402' title='bbox 1675 3817 1890 3902; x_wconf 85' lang='lat' dir='ltr'><strong>intelligeret,</strong></span> <span class='ocrx_word' id='word_1_403' title='bbox 1905 3838 1940 3882; x_wconf 91' lang='grc'><strong>86</strong></span> <span class='ocrx_word' id='word_1_404' title='bbox 1961 3818 2009 3882; x_wconf 92' lang='lat' dir='ltr'><strong>lo-</strong></span> 
     </span>
     <span class='ocr_line' id='line_1_32' title="bbox 212 3920 2011 4015; baseline 0.009 -31"><span class='ocrx_word' id='word_1_405' title='bbox 212 3920 310 4005; x_wconf 81' lang='lat' dir='ltr'><strong>gibus</strong></span> <span class='ocrx_word' id='word_1_406' title='bbox 332 3921 509 4001; x_wconf 91' lang='lat' dir='ltr'><strong>quominus</strong></span> <span class='ocrx_word' id='word_1_407' title='bbox 530 3934 698 3991; x_wconf 87' lang='grc'><strong>8681188161</strong></span> <span class='ocrx_word' id='word_1_408' title='bbox 717 3928 894 4011; x_wconf 90' lang='lat' dir='ltr'><strong>prohiberi,</strong></span> <span class='ocrx_word' id='word_1_409' title='bbox 916 3937 1030 3996; x_wconf 86' lang='lat' dir='ltr'><strong>tamen</strong></span> <span class='ocrx_word' id='word_1_410' title='bbox 1050 3931 1177 3998; x_wconf 84' lang='lat' dir='ltr'><strong>tamdiu</strong></span> <span class='ocrx_word' id='word_1_411' title='bbox 1210 3954 1286 3998; x_wconf 89' lang='lat' dir='ltr'><strong>cum</strong></span> <span class='ocrx_word' id='word_1_412' title='bbox 1306 3934 1422 3999; x_wconf 90' lang='grc'><strong>8181618</strong></span> <span class='ocrx_word' id='word_1_413' title='bbox 1441 3933 1594 4015; x_wconf 80' lang='lat' dir='ltr'><strong>videmus</strong></span> <span class='ocrx_word' id='word_1_414' title='bbox 1624 3934 1874 4014; x_wconf 83' lang='lat' dir='ltr'><strong>deliberantem,</strong></span> <span class='ocrx_word' id='word_1_415' title='bbox 1895 3942 2011 4001; x_wconf 88' lang='lat' dir='ltr'><strong>utrum</strong></span> 
     </span>
     <span class='ocr_line' id='line_1_33' title="bbox 211 4036 2010 4137; baseline 0.009 -36"><span class='ocrx_word' id='word_1_416' title='bbox 211 4036 498 4115; x_wconf 84' lang='grc'><strong>86688818161161,</strong></span> <span class='ocrx_word' id='word_1_417' title='bbox 520 4060 581 4104; x_wconf 91' lang='lat' dir='ltr'><strong>nec</strong></span> <span class='ocrx_word' id='word_1_418' title='bbox 603 4063 654 4106; x_wconf 83' lang='lat' dir='ltr'><strong>ne.</strong></span> <span class='ocrx_word' id='word_1_419' title='bbox 697 4044 861 4127; x_wconf 89' lang='lat' dir='ltr'><strong>Denique,</strong></span> <span class='ocrx_word' id='word_1_420' title='bbox 883 4046 921 4111; x_wconf 91' lang='lat' dir='ltr'><strong>id&#39;</strong></span> <span class='ocrx_word' id='word_1_421' title='bbox 939 4048 1027 4131; x_wconf 93' lang='lat' dir='ltr'><strong>quod</strong></span> <span class='ocrx_word' id='word_1_422' title='bbox 1048 4048 1200 4115; x_wconf 89' lang='lat' dir='ltr'><strong>Hornius</strong></span> <span class='ocrx_word' id='word_1_423' title='bbox 1220 4052 1266 4132; x_wconf 94' lang='lat' dir='ltr'><strong>(l.</strong></span> <span class='ocrx_word' id='word_1_424' title='bbox 1286 4052 1308 4117; x_wconf 96' lang='lat' dir='ltr'><strong>l.</strong></span> <span class='ocrx_word' id='word_1_425' title='bbox 1330 4074 1383 4137; x_wconf 86' lang='lat' dir='ltr'><strong>pg.</strong></span> <span class='ocrx_word' id='word_1_426' title='bbox 1405 4052 1469 4130; x_wconf 88' lang='grc'><strong>16)</strong></span> <span class='ocrx_word' id='word_1_427' title='bbox 1499 4059 1589 4116; x_wconf 89' lang='grc'><strong>18616</strong></span> <span class='ocrx_word' id='word_1_428' title='bbox 1621 4051 1784 4129; x_wconf 84' lang='lat' dir='ltr'><strong>observat,</strong></span> <span class='ocrx_word' id='word_1_429' title='bbox 1817 4073 1856 4117; x_wconf 92' lang='grc'><strong>66</strong></span> <span class='ocrx_word' id='word_1_430' title='bbox 1876 4060 2010 4118; x_wconf 87' lang='grc'><strong>1881818</strong></span> 
     </span>
     <span class='ocr_line' id='line_1_34' title="bbox 211 4153 2009 4255; baseline 0.01 -38"><span class='ocrx_word' id='word_1_431' title='bbox 211 4153 349 4219; x_wconf 91' lang='lat' dir='ltr'><strong>consilio</strong></span> <span class='ocrx_word' id='word_1_432' title='bbox 370 4162 516 4221; x_wconf 85' lang='lat' dir='ltr'><strong>actorem</strong></span> <span class='ocrx_word' id='word_1_433' title='bbox 537 4155 665 4223; x_wconf 85' lang='lat' dir='ltr'><strong>lacinus</strong></span> <span class='ocrx_word' id='word_1_434' title='bbox 686 4160 951 4228; x_wconf 86' lang='lat' dir='ltr'><strong>adversariorum</strong></span> <span class='ocrx_word' id='word_1_435' title='bbox 985 4186 1137 4231; x_wconf 88' lang='lat' dir='ltr'><strong>narrasse</strong></span> <span class='ocrx_word' id='word_1_436' title='bbox 1170 4176 1205 4233; x_wconf 90' lang='lat' dir='ltr'><strong>et</strong></span> <span class='ocrx_word' id='word_1_437' title='bbox 1236 4177 1452 4255; x_wconf 88' lang='grc'><strong>618361818111</strong></span> <span class='ocrx_word' id='word_1_438' title='bbox 1472 4169 1715 4252; x_wconf 82' lang='lat' dir='ltr'><strong>expositionem</strong></span> <span class='ocrx_word' id='word_1_439' title='bbox 1736 4168 1928 4235; x_wconf 81' lang='lat' dir='ltr'><strong>adiunxisse</strong></span> <span class='ocrx_word' id='word_1_440' title='bbox 1949 4192 2009 4253; x_wconf 88' lang='lat' dir='ltr'><strong>ap-</strong></span> 
     </span>
     <span class='ocr_line' id='line_1_35' title="bbox 212 4272 2009 4371; baseline 0.01 -37"><span class='ocrx_word' id='word_1_441' title='bbox 212 4278 313 4352; x_wconf 87' lang='lat' dir='ltr'><strong>paret,</strong></span> <span class='ocrx_word' id='word_1_442' title='bbox 345 4278 384 4337; x_wconf 92' lang='lat' dir='ltr'><strong>ut</strong></span> <span class='ocrx_word' id='word_1_443' title='bbox 416 4292 451 4336; x_wconf 91' lang='lat' dir='ltr'><strong>se</strong></span> <span class='ocrx_word' id='word_1_444' title='bbox 483 4274 541 4355; x_wconf 93' lang='lat' dir='ltr'><strong>qui</strong></span> <span class='ocrx_word' id='word_1_445' title='bbox 573 4294 640 4339; x_wconf 91' lang='lat' dir='ltr'><strong>non</strong></span> <span class='ocrx_word' id='word_1_446' title='bbox 672 4286 866 4354; x_wconf 89' lang='lat' dir='ltr'><strong>accusasset,</strong></span> <span class='ocrx_word' id='word_1_447' title='bbox 897 4290 1063 4365; x_wconf 80' lang='lat' dir='ltr'><strong>purgaret.</strong></span> <span class='ocrx_word' id='word_1_448' title='bbox 1107 4282 1175 4364; x_wconf 78' lang='lat' dir='ltr'><strong>Qui</strong></span> <span class='ocrx_word' id='word_1_449' title='bbox 1198 4287 1226 4350; x_wconf 91' lang='grc'><strong>81</strong></span> <span class='ocrx_word' id='word_1_450' title='bbox 1247 4284 1321 4371; x_wconf 87' lang='grc'><strong>1636</strong></span> <span class='ocrx_word' id='word_1_451' title='bbox 1344 4286 1522 4369; x_wconf 90' lang='lat' dir='ltr'><strong>quominus</strong></span> <span class='ocrx_word' id='word_1_452' title='bbox 1542 4272 1807 4370; x_wconf 85' lang='lat' dir='ltr'><strong>persequeretur,</strong></span> <span class='ocrx_word' id='word_1_453' title='bbox 1828 4286 2009 4370; x_wconf 90' lang='lat' dir='ltr'><strong>impeditus</strong></span> 
     </span>
     <span class='ocr_line' id='line_1_36' title="bbox 212 4392 2009 4490; baseline 0.012 -40"><span class='ocrx_word' id='word_1_454' title='bbox 212 4395 307 4466; x_wconf 89' lang='lat' dir='ltr'><strong>esset,</strong></span> <span class='ocrx_word' id='word_1_455' title='bbox 322 4395 392 4453; x_wconf 88' lang='grc'><strong>1618</strong></span> <span class='ocrx_word' id='word_1_456' title='bbox 406 4392 620 4459; x_wconf 85' lang='lat' dir='ltr'><strong>excusatione</strong></span> <span class='ocrx_word' id='word_1_457' title='bbox 631 4416 699 4460; x_wconf 90' lang='lat' dir='ltr'><strong>non</strong></span> <span class='ocrx_word' id='word_1_458' title='bbox 722 4414 805 4478; x_wconf 91' lang='lat' dir='ltr'><strong>opus</strong></span> <span class='ocrx_word' id='word_1_459' title='bbox 826 4396 995 4479; x_wconf 83' lang='lat' dir='ltr'><strong>fuissetet</strong></span> <span class='ocrx_word' id='word_1_460' title='bbox 1017 4400 1098 4465; x_wconf 88' lang='grc'><strong>88118</strong></span> <span class='ocrx_word' id='word_1_461' title='bbox 1112 4401 1284 4469; x_wconf 89' lang='lat' dir='ltr'><strong>habuisset</strong></span> <span class='ocrx_word' id='word_1_462' title='bbox 1303 4411 1395 4468; x_wconf 88' lang='lat' dir='ltr'><strong>actor</strong></span> <span class='ocrx_word' id='word_1_463' title='bbox 1415 4402 1538 4470; x_wconf 90' lang='lat' dir='ltr'><strong>dicore:</strong></span> <span class='ocrx_word' id='word_1_464' title='bbox 1563 4423 1632 4467; x_wconf 91' lang='lat' dir='ltr'><strong>non</strong></span> <span class='ocrx_word' id='word_1_465' title='bbox 1652 4404 1813 4481; x_wconf 86' lang='lat' dir='ltr'><strong>accusavi,</strong></span> <span class='ocrx_word' id='word_1_466' title='bbox 1835 4425 1913 4469; x_wconf 85' lang='lat' dir='ltr'><strong>nam</strong></span> <span class='ocrx_word' id='word_1_467' title='bbox 1934 4406 2009 4490; x_wconf 85' lang='grc'><strong>1636</strong></span> 
     </span>
     <span class='ocr_line' id='line_1_37' title="bbox 211 4503 2008 4607; baseline 0.014 -42"><span class='ocrx_word' id='word_1_468' title='bbox 211 4522 279 4566; x_wconf 88' lang='grc'><strong>868</strong></span> <span class='ocrx_word' id='word_1_469' title='bbox 300 4503 507 4575; x_wconf 79' lang='lat' dir='ltr'><strong>licet—Sin</strong></span> <span class='ocrx_word' id='word_1_470' title='bbox 529 4532 609 4577; x_wconf 85' lang='lat' dir='ltr'><strong>vcro</strong></span> <span class='ocrx_word' id='word_1_471' title='bbox 630 4512 770 4577; x_wconf 87' lang='lat' dir='ltr'><strong>alteram</strong></span> <span class='ocrx_word' id='word_1_472' title='bbox 801 4516 1003 4580; x_wconf 85' lang='lat' dir='ltr'><strong>sententiam</strong></span> <span class='ocrx_word' id='word_1_473' title='bbox 1033 4518 1274 4601; x_wconf 91' lang='lat' dir='ltr'><strong>amplectimur,</strong></span> <span class='ocrx_word' id='word_1_474' title='bbox 1296 4541 1361 4603; x_wconf 88' lang='lat' dir='ltr'><strong>qua</strong></span> <span class='ocrx_word' id='word_1_475' title='bbox 1381 4520 1485 4588; x_wconf 85' lang='lat' dir='ltr'><strong>verba</strong></span> <span class='ocrx_word' id='word_1_476' title='bbox 1503 4520 1691 4605; x_wconf 83' lang='lat' dir='ltr'><strong>significare</strong></span> <span class='ocrx_word' id='word_1_477' title='bbox 1717 4521 1891 4587; x_wconf 84' lang='lat' dir='ltr'><strong>videntur:</strong></span> <span class='ocrx_word' id='word_1_478' title='bbox 1915 4523 2008 4607; x_wconf 87' lang='grc'><strong>,1636</strong></span> 
     </span>
     <span class='ocr_line' id='line_1_38' title="bbox 210 4624 2007 4724; baseline 0.014 -42"><span class='ocrx_word' id='word_1_479' title='bbox 210 4640 279 4683; x_wconf 91' lang='grc'><strong>868</strong></span> <span class='ocrx_word' id='word_1_480' title='bbox 299 4624 453 4705; x_wconf 84' lang='grc'><strong>6638118“,</strong></span> <span class='ocrx_word' id='word_1_481' title='bbox 474 4632 565 4693; x_wconf 88' lang='lat' dir='ltr'><strong>totus</strong></span> <span class='ocrx_word' id='word_1_482' title='bbox 597 4650 710 4695; x_wconf 90' lang='lat' dir='ltr'><strong>rerum</strong></span> <span class='ocrx_word' id='word_1_483' title='bbox 742 4651 851 4695; x_wconf 88' lang='grc'><strong>861118</strong></span> <span class='ocrx_word' id='word_1_484' title='bbox 884 4631 969 4697; x_wconf 91' lang='lat' dir='ltr'><strong>benc</strong></span> <span class='ocrx_word' id='word_1_485' title='bbox 1001 4634 1156 4717; x_wconf 82' lang='lat' dir='ltr'><strong>procedit</strong></span> <span class='ocrx_word' id='word_1_486' title='bbox 1200 4637 1383 4720; x_wconf 88' lang='lat' dir='ltr'><strong>Postquam</strong></span> <span class='ocrx_word' id='word_1_487' title='bbox 1404 4644 1552 4721; x_wconf 83' lang='lat' dir='ltr'><strong>erogetae</strong></span> <span class='ocrx_word' id='word_1_488' title='bbox 1572 4635 1827 4720; x_wconf 77' lang='lat' dir='ltr'><strong>explicaverunt</strong></span> <span class='ocrx_word' id='word_1_489' title='bbox 1855 4662 1928 4724; x_wconf 82' lang='lat' dir='ltr'><strong>quae</strong></span> <span class='ocrx_word' id='word_1_490' title='bbox 1949 4641 2007 4708; x_wconf 89' lang='grc'><strong>181</strong></span> 
     </span>
     <span class='ocr_line' id='line_1_39' title="bbox 208 4738 2005 4843; baseline 0.013 -43"><span class='ocrx_word' id='word_1_491' title='bbox 208 4738 366 4820; x_wconf 89' lang='lat' dir='ltr'><strong>postulat:</strong></span> <span class='ocrx_word' id='word_1_492' title='bbox 388 4747 500 4826; x_wconf 81' lang='grc' dir='ltr'>πρῶτον</span> <span class='ocrx_word' id='word_1_493' title='bbox 533 4746 583 4831; x_wconf 64' lang='grc' dir='ltr'><strong>γὲν</strong></span> <span class='ocrx_word' id='word_1_494' title='bbox 604 4747 763 4831; x_wconf 76' lang='grc' dir='ltr'>ἐπενεγκεῖν</span> <span class='ocrx_word' id='word_1_495' title='bbox 798 4747 868 4834; x_wconf 88' lang='grc' dir='ltr'>δόρυ</span> <span class='ocrx_word' id='word_1_496' title='bbox 889 4749 935 4813; x_wconf 70' lang='lat' dir='ltr'><strong>tul</strong></span> <span class='ocrx_word' id='word_1_497' title='bbox 966 4758 1006 4835; x_wconf 75' lang='grc' dir='ltr'><strong>τῇ</strong></span> <span class='ocrx_word' id='word_1_498' title='bbox 1031 4753 1142 4839; x_wconf 73' lang='grc' dir='ltr'>ἐκφορᾷ</span> <span class='ocrx_word' id='word_1_499' title='bbox 1175 4752 1343 4836; x_wconf 86' lang='lat' dir='ltr'><strong>usquead</strong></span> <span class='ocrx_word' id='word_1_500' title='bbox 1362 4753 2005 4843; x_wconf 63' lang='grc' dir='ltr'><strong>1811181,ἐπὶτρεῖςὴμέρας“,8613881;</strong></span> 
     </span>
     <span class='ocr_line' id='line_1_40' title="bbox 206 4854 2006 4952; baseline 0.013 -33"><span class='ocrx_word' id='word_1_501' title='bbox 206 4854 243 4919; x_wconf 75' lang='lat' dir='ltr'><strong>cri</strong></span> <span class='ocrx_word' id='word_1_502' title='bbox 262 4856 295 4939; x_wconf 82' lang='grc' dir='ltr'><strong>δὲ</strong></span> <span class='ocrx_word' id='word_1_503' title='bbox 316 4859 549 4945; x_wconf 78' lang='grc' dir='ltr'>συμβουλεύομέν</span> <span class='ocrx_word' id='word_1_504' title='bbox 571 4886 623 4929; x_wconf 82' lang='grc' dir='ltr'>σοι.</span> <span class='ocrx_word' id='word_1_505' title='bbox 669 4864 820 4932; x_wconf 81' lang='lat' dir='ltr'><strong>Suadent</strong></span> <span class='ocrx_word' id='word_1_506' title='bbox 841 4868 947 4952; x_wconf 83' lang='lat' dir='ltr'><strong>igitur</strong></span> <span class='ocrx_word' id='word_1_507' title='bbox 967 4869 1079 4947; x_wconf 88' lang='lat' dir='ltr'><strong>actori,</strong></span> <span class='ocrx_word' id='word_1_508' title='bbox 1102 4891 1145 4934; x_wconf 91' lang='lat' dir='ltr'><strong>ne</strong></span> <span class='ocrx_word' id='word_1_509' title='bbox 1167 4871 1410 4936; x_wconf 88' lang='lat' dir='ltr'><strong>accusationem</strong></span> <span class='ocrx_word' id='word_1_510' title='bbox 1425 4870 1674 4949; x_wconf 86' lang='grc' dir='ltr'><strong>188111881,11ο8</strong></span> <span class='ocrx_word' id='word_1_511' title='bbox 1693 4874 2006 4949; x_wconf 82' lang='grc'><strong>181881,81188188;</strong></span> 
     </span>
     <span class='ocr_line' id='line_1_41' title="bbox 206 4972 2005 5077; baseline 0.011 -40"><span class='ocrx_word' id='word_1_512' title='bbox 206 4972 346 5059; x_wconf 73' lang='grc' dir='ltr'>οὐδὲγὰρ</span> <span class='ocrx_word' id='word_1_513' title='bbox 367 4976 397 5039; x_wconf 66' lang='grc' dir='ltr'><strong>ἐν</strong></span> <span class='ocrx_word' id='word_1_514' title='bbox 418 4976 501 5063; x_wconf 73' lang='grc' dir='ltr'>νόμῳ</span> <span class='ocrx_word' id='word_1_515' title='bbox 523 4974 583 5045; x_wconf 72' lang='grc' dir='ltr'>ἔστι</span> <span class='ocrx_word' id='word_1_516' title='bbox 604 5004 657 5059; x_wconf 81' lang='grc' dir='ltr'>σοι,</span> <span class='ocrx_word' id='word_1_517' title='bbox 685 4983 760 5067; x_wconf 88' lang='grc'><strong>1636</strong></span> <span class='ocrx_word' id='word_1_518' title='bbox 787 5004 857 5048; x_wconf 90' lang='grc'><strong>868</strong></span> <span class='ocrx_word' id='word_1_519' title='bbox 887 4987 1022 5071; x_wconf 79' lang='lat' dir='ltr'><strong>cogeris</strong></span> <span class='ocrx_word' id='word_1_520' title='bbox 1065 4986 1150 5069; x_wconf 78' lang='lat' dir='ltr'><strong>Quae</strong></span> <span class='ocrx_word' id='word_1_521' title='bbox 1170 5008 1269 5072; x_wconf 87' lang='lat' dir='ltr'><strong>porro</strong></span> <span class='ocrx_word' id='word_1_522' title='bbox 1288 4987 1465 5072; x_wconf 84' lang='lat' dir='ltr'><strong>leguntur:</strong></span> <span class='ocrx_word' id='word_1_523' title='bbox 1486 4986 1520 5051; x_wconf 83' lang='grc' dir='ltr'><strong>οδ</strong></span> <span class='ocrx_word' id='word_1_524' title='bbox 1542 4989 1598 5073; x_wconf 78' lang='grc' dir='ltr'><strong>γάρ</strong></span> <span class='ocrx_word' id='word_1_525' title='bbox 1619 4987 1692 5051; x_wconf 82' lang='grc' dir='ltr'>ἐστιν</span> <span class='ocrx_word' id='word_1_526' title='bbox 1712 4988 1744 5051; x_wconf 81' lang='grc' dir='ltr'><strong>ἐν</strong></span> <span class='ocrx_word' id='word_1_527' title='bbox 1761 4988 1834 5071; x_wconf 84' lang='grc' dir='ltr'>γένει</span> <span class='ocrx_word' id='word_1_528' title='bbox 1855 5014 1908 5068; x_wconf 84' lang='grc' dir='ltr'>σοι,</span> <span class='ocrx_word' id='word_1_529' title='bbox 1929 4987 2005 5077; x_wconf 87' lang='grc'><strong>1638</strong></span> 
     </span>
    </p>
   </div>
   <div class='ocr_carea' id='block_1_5' title="bbox 0 0 2380 5900">
    <p class='ocr_par' dir='ltr' id='par_1_6' title="bbox 0 0 2380 5900">
     <span class='ocr_line' id='line_1_42' title="bbox 0 0 2380 5900; baseline 0 0"><span class='ocrx_word' id='word_1_530' title='bbox 0 0 2380 5900; x_wconf 95' lang='lat' dir='ltr'><strong> </strong></span> 
     </span>
    </p>
   </div>
  </div>
 </body>
</html>
