4750 5900
391 1320 809 1427 animaduersiones
844 1314 901 1423 ad
932 1315 1191 1458 ophetarum
1224 1325 1496 1456 potestatem
1530 1322 1783 1424 accuratius

564 1507 570 1521 *
936 1518 1241 1624 definiendam.
1712 1513 1718 1520 ’

190 2051 443 2138 111666116116616
463 2068 709 2153 programmati,
730 2074 770 2133 61
788 2088 860 2133 6166
881 2075 941 2146 661,
963 2067 1204 2152 premittenda
1225 2075 1459 2154 argumentum
1485 2067 1770 2152 circumspicienti
1797 2069 1881 2134 mihi
1902 2072 1984 2152 quin

192 2211 235 2252 er
267 2183 522 2267 antiquitatibus
554 2183 682 2249 Graeeis
713 2182 941 2267 depromerem
972 2183 1112 2250 dubium
1146 2205 1219 2249 6666
1250 2205 1319 2249 non
1348 2185 1466 2268 potuit
1508 2183 1595 2249 (lum
1616 2185 1707 2248 enim
1728 2186 1843 2267 paucis
1864 2185 1985 2252 abhinc

191 2301 289 2366 annis
310 2297 350 2364 de
372 2307 490 2364 senatu
511 2299 744 2382 Areopagitico
765 2319 869 2382 pauca
890 2299 1158 2382 conscripsissem
1186 2307 1221 2364 et
1240 2300 1304 2365 hoo
1324 2299 1434 2365 studio
1455 2299 1497 2364 ad
1517 2298 1666 2363 iudicum
1685 2298 1774 2382 apud
1796 2300 1985 2366 Athenien·

191 2437 244 2482 ees
265 2413 306 2480 de
326 2413 414 2480 6616
435 2414 656 2479 iudicantium
675 2413 827 2479 ordinem
847 2412 1092 2480 observandum
1111 2413 1230 2480 ductus
1250 2435 1366 2492 essem,
1387 2415 1425 2478 in
1444 2413 1532 2478 hanc
1552 2414 1725 2479 materiam
1752 2415 1986 2498 1611661661ιί-

190 2531 413 2614 1616666161
433 2528 473 2592 de
488 2529 618 2612 ephetis
632 2549 735 2613 pauca
749 2526 907 2611 quaedam,
922 2549 996 2612 666
1010 2529 1179 2594 mentione
1194 2528 1295 2614 digna
1307 2528 1510 2595 videbantur·
1523 2549 1604 2606 esse,
1618 2530 1655 2593 in
1668 2528 1816 2594 medium
1835 2531 1984 2613 proferre

192 2667 293 2711 66666
327 2665 409 2722 sum,
443 2645 492 2708 ita
522 2651 644 2722 166166,
675 2651 716 2708 61
747 2664 815 2708 666
845 2651 915 2708 1616
947 2644 1140 2709 6661166661
1161 2643 1985 2728 616661666111661616116161616661161166616

193 2760 384 2844 praeberem,
406 2780 505 2841 quum
525 2779 629 2841 pauca
650 2759 826 2842 seligerem
847 2780 886 2824 eo
916 2760 1110 2842 spectantia,
1139 2758 1180 2825 de
1202 2757 1322 2842 quibus
1342 2759 1493 2824 virorum
1513 2758 1781 2824 doctissimorum
1801 2762 1985 2825 sententias

193 2876 348 2961 colligere
369 2881 404 2940 et
424 2873 604 2940 diiudicare
626 2894 735 2958 operae
755 2874 902 2958 pretium
922 2874 992 2939 1616
1013 2874 1178 2959 putabam.
1222 2873 1287 2939 (lui
1319 2873 1453 2957 quidem
1484 2894 1590 2938 causac
1616 2874 1785 2958 imputent
1805 2873 1909 2940 velim
1928 2877 1986 2959 qui

192 3013 268 3057 mea
287 2992 426 3057 fortasse
447 2992 575 3075 legunt,
598 2988 685 3073 quod
707 2990 777 3055 haec
800 2990 1039 3074 scriptiuncula
1058 2991 1171 3055 minus
1191 2990 1448 3074 explicationem
1467 2990 1518 3054 rei
1539 2989 1580 3054 ad
1601 2988 1811 3054 tractandum
1837 2994 1985 3074 proposi-

193 3116 236 3175 166
269 3106 407 3172 exhibet
437 3106 631 3183 absolutam,
665 3127 764 3189 quum
795 3106 1025 3171 adnotationes
1057 3106 1206 3191 singulas
1237 3126 1311 3170 eam
1335 3103 1573 3188 quodammodo
1605 3105 1814 3169 illustrantes
1840 3104 1895 3171 hic
1914 3106 1985 3172 illic

194 3228 374 3306 congestas
1832 3245 1834 3248 ·

294 3336 425 3418 Quibus
445 3334 625 3418 premissis
645 3336 812 3418 reliquum
831 3344 883 3401 est
903 3344 942 3401 61
964 3336 1156 3419 questionis
1175 3356 1259 3401 mete
1280 3335 1531 3418 dispositionem
1551 3334 1699 3402 breviter
1720 3337 1912 3421 significem.
1933 3343 1985 3407 Ac

194 3454 340 3538 primum
359 3444 492 3534 quidem
513 3450 554 3515 16
575 3450 704 3515 ratione
725 3458 761 3513 et
781 3450 1025 3516 necessitudine
1046 3471 1150 3536 agam,
1173 3472 1246 3534 666
1273 3452 1363 3515 16161
1390 3450 1602 3535 Areopagum
1624 3458 1659 3515 et
1678 3472 1718 3515 ea
1738 3451 1927 3534 tribunalia,
1948 3456 1986 3521 in

196 3570 315 3652 quibus
337 3569 473 3652 ephetas
495 3566 662 3632 iudicandi
683 3587 822 3631 munere
843 3567 975 3632 functos
995 3588 1068 3632 6666
1089 3567 1221 3644 6611666,
1243 3566 1477 3643 1616166666111,
1492 3563 1611 3630 161616
1632 3565 1674 3629 16
1694 3566 1829 3631 nomine
1851 3570 1986 3652 epheta·

195 3706 279 3761 rum,
301 3691 375 3748 tum
400 3682 440 3748 16
469 3689 632 3766 potestate
655 3681 838 3765 disputabo,
859 3703 934 3765 666
956 3682 1118 3749 tribunali
1140 3682 1257 3765 cuique
1279 3702 1394 3747 eorum
1412 3681 1524 3759 fuerit,
1545 3680 1600 3745 661
1627 3681 1803 3763 questioni
1823 3688 1987 3752 nonnulla

196 3796 376 3880 adiungere
396 3798 497 3862 liceat
516 3797 557 3863 16
579 3798 685 3863 forma
706 3806 741 3863 et
761 3798 890 3862 ratione
911 3798 1110 3863 iudiciorum
1130 3796 1258 3861 in'illis
1280 3796 1503 3862 tribunalibus
1524 3795 1758 3861 exhibitorum.

297 3910 445 3993 Quaestio
476 3912 516 3977 de
547 3913 743 3996 ephetarum
774 3914 901 3997 origine
933 3911 1140 3977 instituenda
1170 3910 1212 3976 ad
1242 3912 1474 3995 antiquissima
1493 3930 1596 3994 eaque
1617 3910 1767 3976 fabulosa
1794 3914 1987 3982 stobaeum

196 4027 456 4092 Atheniensium
476 4026 667 4109 reipublicae
689 4036 839 4111 tempora
859 4029 1027 4111 pertinere
1047 4026 1189 4093 1116161.
1217 4025 1295 4091 Duo
1316 4026 1407 4091 enim
1427 4032 1578 4091 auctores
1599 4026 1721 4092 diserte
1744 4026 1987 4115 1166616616-

197 4143 305 4207 16616
327 4139 509 4207 661611616
531 4139 663 4220 sedisse,
684 4143 722 4205 in
743 4142 829 4225 quod
851 4142 1079 4227 Demophoon,
1108 4162 1211 4224 quum
1233 4139 1362 4207 Graecis
1382 4139 1573 4205 Palladium
1603 4143 1770 4225 rapuisset
1799 4146 1988 4230 multosque

196 4278 311 4323 eorum
342 4256 574 4334 interfecisset,
606 4254 705 4321 66116
725 4264 847 4340 preter
878 4258 1088 4325 voluntatem
1119 4258 1302 4321 6616161666
1322 4277 1401 4321 rcus
1421 4256 1525 4321 fuerit
1544 4264 1691 4335 vocatus,
1712 4258 1931 4342 Harpocratio
1954 4274 1988 4329 et

198 4370 326 4437 Suidee.
362 4372 421 4455 (61
443 4371 602 4455 Harpocr.
620 4368 690 4435 Ἐπὶ
712 4370 878 4459 Παλλαδίῳ.
891 4370 1085 4457 Ἀγᾳμέρνων
1107 4372 1138 4435 δὲ
1159 4372 1338 4456 δυσχεράνας
1358 4372 1437 4455 δίκην
1458 4373 1507 4435 τὸν
1534 4373 1700 4456 ἁρπάσαντα
1721 4374 1837 4438 ἀπαιτεῖ
1853 4378 1901 4440 καὶ
1924 4403 1987 4443 συν·

198 4488 305 4549 ίαταται
331 4489 365 4550 τὸ
385 4490 525 4571 κριτήριον
546 4488 592 4551 ἐπὶ
611 4488 784 4571 πεντήκοντα
806 4488 855 4571 μὲν
875 4486 1055 4571 Ἀθηναίων,
1075 4488 1249 4571 πεντήκοντα
1269 4488 1301 4550 δὲ
1318 4484 1470 4571 Ἀργείων,
1493 4486 1544 4555 οὓς
1561 4482 1689 4571 Ἐρέτας
1709 4488 1875 4572 11616661).
1904 4492 1988 4573 Qui

198 4599 261 4665 bus
281 4600 470 4666 auctoribus
491 4602 520 4665 61
541 4602 641 4667 fidem
662 4602 783 4667 habere
804 4602 893 4679 licet,
914 4600 1094 4667 difficultas
1115 4600 1265 4684 quedam
1285 4602 1401 4680 oritur,
1423 4622 1527 4684 quum
1554 4609 1730 4682 66616161,
1751 4604 1912 4686 66616616
1934 4628 1989 4673 66-

197 4736 274 4779 rum
292 4716 467 4779 sententiaa
488 4714 701 4781 conciliandae
723 4718 792 4783 sint
812 4738 888 4781 cum
906 4716 1018 4783 verbis
1039 4716 1188 4782 Pollucis
1208 4716 1415 4801 grammatici
1442 4716 1518 4798 (lib.
1541 4714 1640 4794 VIII,
1662 4715 1752 4796 125),
1774 4719 1832 4799 661
1853 4721 1989 4804 ephetas

197 4853 240 4896 ex
260 4827 522 4913 Eupatridurum
547 4828 661 4895 ordine
682 4852 702 4895 6
716 4832 868 4897 Dracone
883 4834 1005 4899 6166166
1019 4852 1092 4897 esse
1105 4831 1216 4897 tradit
1258 4830 1353 4897 Idem
1366 4850 1473 4895 unum
1493 4838 1528 4895 et
1550 4831 1790 4915 quinquaginta
1810 4852 1866 4899 cos
1887 4836 1989 4905 hrisse

195 4954 231 5012 et
250 4946 287 5012 in
309 4946 454 5030 quinque
471 4943 566 5009 'notis
586 4943 656 5009 illis
673 4945 805 5013 iudiciis
826 4945 867 5013 de
889 4948 975 5013 oaede
996 4947 1167 5027 iudicasse,
1188 4967 1210 5012 6
1230 4946 1353 5013 Solone
1375 4952 1488 5011 autem
1509 4946 1727 5030 Areopagitas
1752 4947 1796 5012 iis
1816 4948 1989 5023 adiunctos

1778 5046 1791 5095 1

973 5246 1209 5362 466665
1286 5244 1289 5249 ’
