4750 5900
1278 238 1319 306 6

400 443 587 509 Muellerus
609 461 712 524 qaum
732 440 770 506 11
789 441 938 524 quinque
957 437 1098 518 iudiciis,
1122 445 1262 522 quorum
1283 441 1321 505 in
1342 462 1481 506 numero
1495 441 1584 508 haud
1605 437 1704 506 dubie
1725 441 1920 530 Areopagus
1942 439 2114 512 habendus
2134 448 2197 523 est,

399 559 537 644 ephetas
557 557 678 623 iudicia
713 555 900 622 exercuisse
922 576 940 620 e
962 554 1100 620 Polluce
1126 555 1247 633 videat,
1275 556 1494 640 Areopagitas
1530 566 1644 624 autem
1670 559 1777 623 multo
1806 561 2010 644 antiquiores
2041 561 2195 628 Dracone

311 703 313 706 ·
396 675 503 740 111000
525 674 620 738 sciat:
641 672 719 755 inde
740 679 854 755 patere
874 671 1039 755 opinatur,
1061 670 1207 754 ephotas,
1229 670 1350 754 quippe
1372 671 1430 753 qui
1450 671 1486 736 in
1510 672 1686 758 Areopago
1711 674 1942 754 iudicaverint,
1969 685 2048 742 ante
2069 677 2195 744 Draco·

400 809 478 854 nem
498 789 614 854 brisse:
634 786 669 851 id
690 807 897 870 nequaquam
916 793 1041 850 rectam
1062 792 1098 849 01
1118 783 1233 850 senam
1253 765 1470 852 concludendi
1491 788 1654 854 rationem
1682 810 1797 873 sapere
1818 791 1893 873 quis
1913 799 1966 857 est
1987 793 2067 875 quin
2088 793 2196 858 sciat?

399 905 486 969 Nam
513 903 644 967 etiamsi
670 902 889 986 Areopagitas
915 921 994 966 sane
1013 900 1166 966 Dracone
1194 901 1399 982 antiquiores
1420 902 1524 968 fuisso
1545 903 1765 982 corrodimus,
1786 914 1901 972 tamen
1921 924 2134 990 quoscunque
2155 903 2193 972 in

399 1020 572 1102 Areopago
593 1016 778 1082 iudicantes
798 1014 960 1092 videmus,
975 1016 1112 1081 minime
1126 1014 1346 1100 Areopagitas
1360 1015 1529 1082 habendos
1549 1039 1622 1088 csse
1641 1017 1850 1086 arbitramur.
1879 1019 2049 1106 Negamus
2069 1029 2192 1100 autem,

397 1134 516 1201 iisdem
536 1132 748 1216 Areopagitis
768 1129 937 1196 iudicandi
957 1151 1080 1194 munus
1102 1151 1121 1194 a
1141 1130 1302 1196 Dracone
1325 1132 1425 1214 plane
1453 1131 1645 1216 ademptum
1666 1156 1747 1213 esse,
1770 1155 1843 1217 quas
1867 1143 1919 1202 est
1940 1138 2106 1202 sententia
2125 1138 2193 1202 Pe·

398 1250 460 1329 titi,
483 1249 540 1332 qui
560 1247 623 1330 (ad
642 1247 705 1331 leg.
738 1247 809 1312 Att.
842 1266 873 1328 p.
893 1243 978 1326 243)
1000 1245 1119 1321 Draco,
1151 1245 1270 1328 inquit,
1304 1246 1435 1329 ephetis
1465 1250 1666 1327 constitutis,
1699 1271 1796 1314 omne
1818 1251 1993 1335 abrogavit
2012 1253 2192 1335 imperium

396 1364 616 1448 Areopagitis,
638 1362 780 1439 necilli,
802 1359 960 1444 quamdiu
982 1359 1114 1442 legibus
1134 1359 1299 1426 Draconis
1320 1362 1415 1426 stetit
1434 1364 1630 1446 respublica,
1652 1365 1693 1430 de
1712 1365 1799 1430 erede
1820 1365 1943 1430 iudicia
1963 1367 2190 1433 reddiderunt

395 1480 461 1546 Oui
482 1479 657 1544 sententia
678 1499 698 1542 a
717 1475 860 1542 Krebsio
882 1477 1010 1559 (opusc.
1042 1473 1129 1540 acad.
1151 1483 1186 1540 et
1218 1474 1318 1542 schel.
1349 1498 1379 1560 p.
1404 1477 1473 1557 19.)
1496 1485 1572 1543 011
1597 1479 1782 1546 1111111101
1803 1480 2017 1552 iamdudum
2036 1482 2191 1548 refutatae

395 1594 549 1678 inprimis
570 1594 726 1658 resistere
747 1597 903 1675 putamus
924 1589 1041 1654 iudicii
1062 1591 1290 1675 Areopagitici
1310 1593 1545 1658 austeritatem
1565 1592 1643 1660 inde
1664 1595 1707 1660 ab
1733 1596 1854 1662 ultima
1873 1597 2073 1679 antiquitate
2095 1618 2190 1664 sane-

395 1717 464 1774 tam
486 1715 521 1773 et
540 1708 746 1784 inviolatam,
768 1727 866 1789 quam
888 1726 930 1770 nc
952 1704 1089 1770 laederet
1109 1705 1245 1772 Dracon
1265 1727 1366 1789 qnam
1385 1710 1532 1774 maxime
1546 1710 1673 1775 cavisse
1687 1711 1855 1793 putandus
1870 1718 1929 1776 est
1966 1711 2056 1791 Quid
2077 1719 2190 1778 autem

395 1825 447 1890 illi
467 1826 541 1890 loeo
562 1822 775 1890 Plutarchieo
804 1818 1021 1886 tribuendum
1048 1821 1101 1898 011,
1129 1841 1148 1886 0
1176 1841 1241 1903 quo
1262 1821 1448 1887 Muellerus
1469 1844 1627 1906 apparere
1648 1799 1814 1908 opinatur,
1835 1825 2000 1891 Draconis
2021 1833 2118 1891 aetate
2140 1847 2189 1892 se·

394 1947 511 2006 natum
531 1938 803 2022 Areopagitioum
823 1957 892 2000 non
912 1935 1026 2013 fuisse,
1048 1937 1206 2019 quoniam
1226 1958 1398 2019 nunquam
1419 1959 1495 2002 eum
1516 1939 1737 2024 Areopagitis,
1759 1939 1816 2005 sed
1842 1961 1974 2025 semper
1994 1932 2070 2006 eum
2088 1938 2191 2024 ephe·

396 2055 440 2120 tis
460 2054 676 2137 colloquatur,
704 2052 800 2117 facile
826 2051 965 2133 quisque
993 2050 1094 2128 videt,
1114 2051 1227 2136 [neque
1253 2051 1295 2115 ad
1331 2053 1546 2130 coniecturas,
1567 2053 1689 2135 quibus
1708 2055 1769 2120 illa
1789 2045 1958 2120 sententia
1978 2055 2191 2140 infringatur,

397 2169 573 2252 confugere
595 2189 677 2252 opus
697 2176 757 2233 est.
792 2165 997 2231 Matthiaeus
1017 2173 1129 2232 tamen
1150 2167 1297 2232 rationes
1316 2166 1503 2250 probabiles
1524 2189 1684 2250 quaerens,
1705 2170 1825 2253 quibus
1850 2192 1910 2236 111
1930 2172 2064 2236 Dracon
2084 2170 2189 2236 Areo-

397 2285 584 2369 pagitarum
603 2304 673 2348 non
693 2283 892 2360 meminerit,
914 2280 1168 2358 demonstretur,
1189 2281 1226 2344 in
1247 2261 1470 2348 coniecturam
1490 2282 1645 2349 incidisse
1666 2285 1800 2352 videtur
1820 2287 1879 2351 vix
1899 2285 2078 2352 ferendam.
2122 2287 2191 2352 Pu-

398 2399 559 2464 11111111
587 2401 717 2481 (epure.
741 2397 828 2466 aead.
848 2418 901 2480 pg.
934 2395 1114 2477 lto-147),
1144 2418 1165 2460 a
1185 2397 1338 2461 Dracone
1367 2399 1504 2482 ephetas
1523 2398 1697 2465 1101111110
1718 2421 1798 2479 1000,
1820 2400 1861 2465 ad
1882 2421 1964 2482 quos
1984 2401 2041 2482 qui
2062 2422 2082 2466 1
2102 2422 2190 2486 rege,

398 2515 492 2581 euius
514 2521 586 2578 orat
606 2512 646 2578 de
662 2513 806 2580 eaedibus
820 2533 889 2577 non
903 2512 1103 2579 voluntariis
1119 2511 1274 2590 iudicare,
1290 2513 1416 2578 iniuria
1429 2513 1577 2578 damnati
1591 2522 1711 2592 essent,
1730 2516 2000 2598 provocationem
2012 2515 2190 2593 habereut;

399 2630 559 2696 iudicasse
580 2629 684 2712 igitur
705 2628 842 2712 ophetas
863 2627 903 2692 de
925 2625 1012 2692 11110
1034 2649 1102 2692 111
1123 2628 1323 2705 voluntaria,
1343 2628 1475 2694 iudiciis
1495 2628 1536 2693 de
1564 2627 1651 2694 01110
1673 2629 1864 2695 voluntaria
1891 2632 2022 2696 senatui
2044 2631 2190 2716 Areopa-

398 2747 498 2832 gitieo
519 2745 654 2822 relictis,
674 2725 770 2809 'unde
783 2751 896 2826 patere
912 2743 1076 2826 opinatur,
1091 2762 1151 2808 our
1171 2742 1307 2808 Dracon
1327 2744 1364 2808 in
1392 2744 1523 2828 legibus
1550 2742 1697 2809 ferendis
1716 2743 1759 2809 ad
1778 2746 1998 2829 Areopagitas
2019 2767 2189 2828 nunquam

399 2862 584 2928 orationem
606 2860 822 2925 converterit:
848 2858 986 2942 ephetas
1012 2859 1112 2935 onim,
1141 2857 1262 2940 quippe
1290 2859 1332 2924 ab
1357 2860 1429 2944 ipso
1454 2859 1589 2925 demum
1614 2858 1797 2938 institutes,
1823 2859 1864 2926 de
1885 2881 2023 2926 munere
2043 2860 2189 2924 iudiciali

398 2978 571 3043 informari
599 2976 793 3067 oportuisse,
818 2974 1032 3059 Areopagitis
1060 2982 1181 3051 autem,
1208 2975 1266 3056 qui
1294 2973 1335 3039 de
1365 2974 1453 3040 caede
1475 2975 1626 3041 consulte
1647 2974 1734 3041 faeta
1753 2975 1983 3055 iudicaverint,
2005 2976 2092 3041 nihil
2112 2996 2189 3041 oum

399 3114 532 3160 necesse
552 3092 708 3157 habuisse
730 3091 914 3175 iniungere.
936 3090 1043 3155 Putat
1060 3089 1165 3172 igitur
1185 3088 1389 3167 Matthiaeus,
1410 3089 1532 3157 iudicio
1556 3092 1790 3175 Areopagitica
1804 3100 1929 3158 certam
1948 3092 2111 3175 quandam
2124 3092 2191 3157 for-

399 3230 487 3273 mam
508 3215 586 3273 ante
616 3206 775 3273 Solonem
802 3205 913 3284 fuisse,
943 3226 1016 3287 quse
1046 3204 1213 3271 sententia
1239 3206 1343 3271 nullis
1370 3206 1598 3289 probabilibus
1624 3208 1831 3290 argumentis
1860 3216 1971 3290 potest
1991 3208 2192 3274 stabiliri.-

397 3324 470 3389 Iam
492 3344 696 3407 veroquam
717 3343 760 3386 cx
778 3322 820 3385 iis
839 3342 912 3404 quae
934 3320 998 3385 hue
1013 3340 1117 3402 usquo
1137 3318 1390 3402 disputavimus,
1405 3322 1487 3387 satis
1500 3323 1632 3387 elucere
1646 3321 1809 3398 videatur,
1829 3322 1965 3407 ephetas
1981 3334 2016 3387 et
2034 3324 2071 3387 in
2086 3324 2191 3387 Areo·

398 3459 482 3523 pago
510 3438 633 3503 iudicia
668 3437 864 3512 exercuisse,
892 3442 926 3501 01
953 3434 1166 3518 Areopagitis
1195 3436 1339 3500 vetustis
1369 3456 1390 3499 a
1417 3437 1571 3502 Dracone
1603 3436 1771 3503 iudicandi
1801 3458 1924 3501 munus
1955 3459 2023 3501 non
2055 3458 2191 3520 prorsus

397 3553 589 3638 ademptum
610 3573 697 3619 esso:
718 3559 831 3628 100111,
853 3557 893 3615 11
913 3570 986 3632 quse
1007 3551 1092 3615 ratio
1113 3550 1182 3615 illis
1204 3570 1280 3617 oum
1300 3550 1355 3615 his
1372 3549 1538 3615 iudicibus
1557 3553 1807 3627 recentioribus,
1822 3550 1959 3633 ephetas
1973 3552 2056 3628 dieo,
2078 3552 2189 3627 fuerit,

398 3676 545 3735 statuere
566 3688 730 3733 conemur.
774 3667 849 3747 Qua
878 3665 1010 3749 quidem
1038 3666 1075 3730 in
1101 3686 1137 3730 10
1160 3666 1362 3731 testimoniis
1382 3668 1464 3731 sotis
1484 3666 1644 3749 gravibus
1665 3686 1726 3731 nos
1747 3664 1987 3742 deficientibus,
2009 3664 2050 3729 ad
2069 3668 2194 3731 verita-

398 3795 467 3850 tem
487 3784 641 3849 aecadere
663 3784 723 3849 vix
744 3802 928 3866 pessumus.
971 3780 1169 3863 Quicunque
1191 3801 1271 3845 vero
1292 3780 1499 3847 coniectandi
1530 3780 1719 3863 periculum
1745 3779 1906 3856 fecerunt,
1927 3779 1969 3843 ad
1990 3779 2025 3844 id
2046 3782 2189 3846 marimo

398 3907 573 3977 venerunt,
596 3898 682 3982 quod
703 3898 831 3963 otveri
852 3897 1061 3962 simillimum
1083 3904 1118 3961 01
1137 3916 1251 3961 rerum
1271 3902 1400 3959 natura
1426 3896 1636 3979 aptissimum
1663 3893 1799 3961 videtur
1826 3914 1907 3971 0000,
1935 3902 1975 3960 11
1995 3903 2189 3974 statuerent,

398 4015 619 4098 Areopagitis,
651 4034 694 4079 ne
718 4014 756 4077 in
785 4032 923 4076 munere
953 4013 1119 4077 senatorio
1148 4008 1335 4074 exhibendo
1356 4009 1458 4073 nimis
1480 4009 1730 4093 impedirentur,
1752 4008 1786 4075 id
1806 4031 1937 4087 munus,
1959 4011 2190 4093 1101111111-

397 4130 473 4196 dem
495 4129 649 4212 pertinet,
672 4128 835 4193 siminus
857 4127 1013 4204 ablatum,
1035 4134 1179 4193 atcerte
1210 4124 1459 4208 angustioribus
1479 4125 1605 4191 finibus
1626 4128 1910 4209 circumscriptum
1937 4148 2017 4191 osse.
2063 4126 2192 4192 Statrrit

398 4246 487 4310 enim
511 4242 753 4311 Sehoemannus
774 4243 832 4324 (cf.
853 4242 920 4307 ind.
942 4244 1031 4308 lectt.
1054 4264 1084 4325 p.
1105 4242 1155 4323 6),
1177 4239 1299 4305 iudicia
1319 4240 1359 4305 de
1380 4245 1508 4325 φονικοῖς
1528 4240 1569 4306 ab
1587 4243 1800 4326 Areopagitis
1819 4242 1860 4306 ed
1888 4263 2013 4307 111111
2028 4241 2190 4323 quoddam

399 4360 575 4443 collegium
595 4359 758 4425 translata
778 4379 859 4436 csse,
881 4359 929 4423 ita
950 4365 989 4422 ut
1010 4358 1174 4423 senatorio
1206 4364 1339 4422 1111111
1372 4378 1510 4422 munere
1532 4358 1614 4423 etsi
1635 4366 1818 4439 quaerant
1844 4356 1965 4422 iudicia
1982 4357 2190 4439 publicorum

398 4476 594 4543 delictorum
615 4495 691 4541 eum
712 4474 774 4541 hoe
795 4495 933 4539 munero
955 4474 1139 4551 coniuncta,
1162 4473 1372 4557 Areopagitae
1392 4473 1622 4557 fungerentur,
1644 4494 1686 4538 00.
1710 4493 1775 4554 que
1796 4479 1832 4537 ot
1845 4472 2056 4555 negotiorum
2076 4473 2190 4537 multi-

398 4591 477 4659 tude
498 4591 630 4656 senatui
651 4591 866 4669 minueretur,
879 4598 914 4655 ct
934 4589 1087 4655 iudiciale
1108 4610 1231 4653 munus
1252 4588 1448 4672 diligentius
1468 4588 1510 4652 ab
1531 4588 1574 4652 iis
1595 4594 1794 4662 servaretur,
1816 4588 1873 4669 qui
1888 4586 1966 4652 huic
1988 4589 2048 4652 uni
2068 4589 2119 4653 rei
2139 4590 2191 4651 in-

398 4709 485 4774 tenti
512 4714 632 4771 essent.
674 4706 790 4789 Neque
821 4706 874 4771 ab·
891 4705 1005 4795 eadem
1033 4705 1201 4768 sententia
1232 4704 1370 4769 Krobsii
1399 4703 1502 4769 verba
1528 4702 1723 4767 abhorrent:
1752 4702 1940 4767 Draconem
1969 4705 2190 4787 Areopagitis,

397 4823 553 4907 quoniam
574 4821 691 4887 multis
710 4821 786 4887 aliis
807 4842 864 4887 eos
885 4821 1091 4905 intelligeret
1111 4827 1210 4901 atque
1232 4820 1274 4885 iis
1297 4821 1378 4885 satis
1398 4818 1557 4903 gravibus
1578 4821 1667 4883 curis
1687 4817 1855 4883 districtos
1878 4840 1960 4898 esse,
1974 4819 2191 4903 quaestionem

395 4938 436 5005 do
471 4937 624 5017 caedibus,
657 4938 677 5003 i.
699 4958 726 5003 0.
762 4937 1031 5003 molestissimam
1068 4935 1137 4999 fere
1170 4936 1386 5023 provinciam,
1414 4935 1628 5019 Areopagitis
1648 4935 1678 5001 si
1699 4955 1768 5000 non
1794 4934 1893 5019 plane
1920 4934 2092 5013 ademisse,
2115 4954 2190 4999 oum
