4750 5900
1254 239 1392 317 14.

395 462 462 507 non
484 431 619 526 cogeris.
663 439 746 522 Quae
767 432 865 525 porro
886 431 1061 523 leguntur:
1084 438 1119 503 ob
1140 441 1196 526 γάρ
1216 440 1290 505 ἐστιν
1311 437 1342 503 ἐν
1362 435 1437 522 γένει
1456 439 1502 504 σοι
1519 441 1541 525 ἡ
1561 435 1718 526 ἅνθρωπος
1745 437 1815 507 cett
1834 438 2131 528 θεράπαινα-οιαὶ
2144 437 2199 508 ντί·

395 581 443 642 Ιιιοι
463 558 611 622 κελεύουσι
629 557 738 620 τούτων
758 556 810 641 τὴν
833 556 926 626 δίωξιν
948 555 1021 620 εἶναι
1050 553 1243 633 ostendunt,
1274 555 1386 639 legem
1414 553 1538 634 iubere,
1561 575 1581 619 a
1601 556 1797 640 propinquis
1817 564 1853 623 et
1872 556 2018 624 dominis
2037 577 2200 642 persecu·

394 675 521 739 tionem
540 672 675 737 institui
704 669 833 749 debere,
864 679 986 755 praeter
1006 671 1068 735 hes
1090 670 1166 735 aliis
1197 671 1299 736 etiam
1326 691 1402 735 eam
1421 671 1581 753 permitti,
1601 691 1689 749 nam,
1711 681 1866 758 pergunt,
1886 674 1916 738 si
1936 670 1980 739 ad
2000 668 2197 739 Palladium

394 787 615 865 iureiurando,
638 809 679 852 se.
701 788 760 852 illo
777 787 990 852 iureiurando
1015 787 1165 865 solemni,
1180 807 1245 869 quo
1257 794 1349 852 actor
1362 793 1398 850 et
1411 807 1489 851 reus
1502 787 1540 852 in
1553 785 1675 852 iudicio
1689 786 1779 872 adigi
1792 788 1944 854 solebant
1965 789 2026 867 (cf.
2047 787 2196 854 Sohoenn

393 907 508 987 Antiq.
530 927 559 988 p.
581 903 652 980 291,
674 911 688 976 ξ
709 903 771 985 63)
792 901 927 967 adactus
949 905 1024 981 eris,
1045 924 1114 968 non
1142 903 1251 968 solum
1271 903 1389 968 multis
1408 901 1578 970 videberis
1598 901 1743 967 deterior
1763 923 1844 982 esse,
1866 925 1908 970 sc
1930 903 2018 987 quod
2038 905 2101 970 hoc
2120 906 2196 972 ius·

393 1019 571 1086 iurandum
591 1019 787 1102 praestitisti,
810 1015 867 1083 sed
889 1020 990 1083 etiam
1012 1020 1040 1084 si
1061 1018 1223 1084 liberatus
1244 1018 1310 1084 eric
1330 1025 1510 1095 accusatus,
1530 1018 1718 1102 periurasse
1738 1015 1914 1098 videberis,
1941 1021 2065 1104 quippe
2086 1039 2194 1104 quum

391 1159 410 1201 a
431 1137 498 1200 reis
528 1134 689 1200 absolutis
721 1133 806 1199 illud
835 1134 1067 1201 iusiurandum
1097 1155 1157 1218 pro
1188 1134 1336 1218 periurio
1367 1131 1484 1198 haberi
1504 1133 1621 1213 soleat;
1644 1135 1698 1200 sin
1718 1155 1799 1200 vere
1819 1135 1949 1214 viceris,
1970 1136 2008 1200 in
2028 1135 2194 1202 invidiam

390 1249 722 1332 incurres-Neque
744 1271 824 1316 vero
846 1250 1061 1334 explicationi
1083 1249 1179 1316 medo
1201 1249 1313 1314 aUetae
1333 1258 1524 1332 repugnant
1544 1269 1618 1331 quae
1636 1271 1735 1334 porro
1755 1249 1848 1333 apud·
1857 1250 2120 1316 Demosthenem
2139 1249 2193 1315 le·

390 1377 524 1450 guntur.
567 1365 689 1430 Verbis
721 1368 812 1430 enim
844 1366 1059 1449 sequentibus
1090 1373 1182 1432 aeter
1213 1365 1302 1442 dicit,
1324 1385 1360 1428 se
1382 1363 1520 1428 consilio
1541 1385 1618 1430 cum
1637 1365 1754 1430 amicis
1773 1365 1888 1431 habito
1909 1386 1950 1430 ea
1968 1366 2096 1444 fecisse,
2115 1387 2192 1450 quae

391 1491 539 1566 exegetae
562 1482 754 1560 suasissent,
777 1503 850 1566 qum
872 1501 952 1548 vero
973 1503 996 1546 e
1012 1482 1143 1566 legibus
1175 1488 1333 1564 praestare
1366 1500 1434 1544 nen
1464 1479 1610 1558 deberet,
1631 1481 1769 1546 silentio
1789 1501 1825 1548 se
1845 1483 2059 1565 praeteriisse:
2080 1481 2193 1566 legem

391 1597 483 1662 enim
505 1597 629 1674 iubere,
651 1598 720 1667 τοὺς
739 1599 935 1683 προσήκοντας
956 1597 1091 1668 ἐπεξιέναι
1114 1597 1214 1682 μέχρις
1236 1597 1407 1681 ἀνεψιαδῶν,
1429 1597 1521 1661 etin
1541 1595 1757 1662 iureiurando
1777 1594 1920 1675 definiri,
1942 1597 2080 1684 quinam
2100 1618 2193 1681 προσ·

391 1715 509 1797 ήιιοντες
528 1720 649 1789 essent,
671 1721 706 1777 et
728 1715 756 1778 si
778 1721 890 1778 essent
908 1712 1098 1790 familiares,
1130 1711 1341 1777 dominorum
1374 1733 1446 1776 esse
1468 1712 1714 1794 persecutiones
1721 1735 1729 1790 3
1751 1713 1816 1794 ipsi
1838 1719 1953 1779 autem
1971 1734 2074 1780 anum
2094 1713 2191 1777 illam

389 1845 496 1911 neque
518 1829 738 1912 propinquam
759 1849 840 1906 esse,
860 1849 968 1910 neque
989 1830 1156 1893 famulam.
1199 1829 1365 1892 Extrema
1394 1827 1537 1910 denique
1569 1827 1717 1892 oratione
1749 1827 1805 1905 ait,
1828 1847 1864 1892 se
1892 1848 2003 1893 coram
2023 1827 2190 1893 iudicibus

389 1944 526 2008 mentiri
547 1944 703 2022 noluisse,
737 1944 867 2009 etiamsi
900 1965 934 2008 se
966 1945 1137 2010 victurum
1168 1965 1240 2008 esse
1275 1943 1437 2022 scivisset,
1461 1965 1525 2026 quc
1546 1942 1618 2007 loco
1639 1942 1780 2008 verbum
1801 1944 1964 2029 ψεύσασθαι
1983 1965 2052 2009 nen
2073 1946 2193 2010 referri

390 2081 485 2143 posse
507 2060 573 2124 nisi
594 2058 635 2123 ad
654 2057 894 2138 iusiurandum,
917 2081 981 2142 que
1003 2070 1101 2136 actor,
1123 2081 1157 2124 se
1179 2081 1256 2125 cum
1275 2080 1344 2124 anu
1364 2057 1610 2123 necessitudine
1630 2059 1846 2123 coniunctum
1866 2081 1947 2137 esse,
1969 2063 2191 2137 confirmaret,

388 2187 532 2260 apparet.
578 2174 737 2240 Ceterum
761 2197 778 2239 e
802 2176 873 2240 loce
895 2183 1010 2240 nostre
1031 2176 1111 2240 setis
1132 2175 1281 2258 intelligi
1313 2160 1497 2259 opinamur,
1530 2175 1678 2239 officium
1697 2195 1793 2239 reum
1813 2175 2034 2258 persequendi
2054 2178 2191 2261 propin-

392 2291 465 2374 quis
486 2291 632 2355 hominis
653 2291 752 2356 occisi
774 2289 905 2375 legibus
926 2291 1119 2374 impositum
1152 2290 1264 2366 fuisse,
1294 2297 1334 2354 ut
1355 2290 1412 2371 qui
1431 2291 1512 2359 ἐντὸς
1533 2289 1720 2375 ἀνεψιότητος
1740 2299 1844 2368 erant,
1866 2291 1944 2356 huie
1966 2291 2075 2356 officio
2097 2292 2192 2359 salva

391 2407 552 2490 religione
573 2405 686 2472 deesse
709 2427 777 2470 non
797 2417 941 2490 possent.
985 2405 1169 2472 Servorum
1190 2404 1314 2470 eaedem
1335 2405 1490 2488 persequi
1510 2403 1655 2469 dominis
1677 2427 1735 2471 scu
1769 2407 1844 2491 lege
1865 2427 1924 2471 seu
1945 2407 2093 2472 moribus
2113 2429 2190 2490 per-

391 2523 538 2600 missum,
573 2544 641 2586 non
670 2530 782 2586 tamen
814 2543 948 2588 necesse
979 2523 1091 2600 luisse,
1125 2522 1281 2604 inprimis
1314 2541 1356 2584 ex
1376 2519 1517 2604 Antiph.
1539 2521 1688 2585 eratione
1709 2520 1750 2586 de
1771 2521 1859 2586 carde
1880 2522 2003 2586 Herod.
2024 2545 2054 2608 p.
2076 2523 2190 2600 7⁶28,2

391 2638 507 2703 clucet.
552 2637 647 2702 Idem
667 2637 707 2701 dc
728 2637 860 2702 libertis
881 2637 1096 2703 statuendum
1117 2659 1239 2715 esse,o
1271 2637 1510 2700 Demosthenis
1531 2637 1567 2699 in
1585 2636 1760 2720 Euergum
1779 2639 1938 2714 eratione,
1959 2659 2059 2720 quem
2078 2639 2188 2704 locum

391 2752 488 2820 niodo
510 2755 735 2832 tractavimus,
757 2775 809 2838 pg.
833 2753 923 2832 1160,
943 2753 1055 2817 21-28
1075 2762 1221 2837 apparet.
1243 2753 1359 2834 Neque
1380 2751 1421 2816 dc
1442 2753 1586 2829 πελάταις,
1619 2773 1701 2834 quos
1733 2751 1978 2818 Sehoemannus
1997 2755 2131 2819 colonos
2151 2755 2187 2818 in

392 2868 570 2935 cleruehiis
590 2870 693 2934 tuisse
714 2869 810 2936 docet
830 2869 890 2950 (of.
912 2869 1027 2952 Antiq.
1050 2889 1102 2953 pg.
1123 2868 1216 2952 423),
1237 2868 1336 2932 aliter
1368 2866 1581 2953 cogitandum
1612 2888 1684 2932 csse
1705 2866 1847 2935 videtur.
1890 2869 1992 2953 Apud
2012 2870 2189 2935 Platonem

392 2987 482 3051 enim
503 2986 714 3071 (Euthyphr.
736 2986 816 3068 IV.)
836 2984 1038 3070 Euthyphro
1054 2984 1194 3062 Socrati,
1213 3006 1296 3049 num
1309 2985 1426 3067 fugiat,
1439 3006 1483 3049 an
1497 2992 1722 3068 persequetur,
1742 2984 1973 3069 interroganti,
1988 3008 2023 3051 se
2044 2987 2188 3069 aliquem

391 3102 544 3185 persequi
566 3102 752 3184 respondet,
776 3102 870 3166 cuius
891 3102 1132 3184 persecutionis
1153 3122 1252 3166 cause
1272 3102 1420 3166 insanire
1441 3099 1605 3175 videatur,
1625 3108 1755 3183 patrem
1775 3101 1894 3184 ipsum,
1916 3109 1952 3166 et
1971 3124 2044 3167 rem
2062 3104 2109 3167 ita
2129 3124 2188 3166 ex-

391 3217 506 3300 plicat:
530 3218 597 3297 Qui
618 3192 720 3300 periit
738 3218 843 3283 cliens
864 3225 899 3282 ct
920 3218 1073 3282 minister
1094 3238 1189 3282 meus
1210 3228 1290 3296 orat,
1312 3218 1378 3301 qui,
1401 3238 1477 3281 eum
1505 3216 1542 3279 in
1573 3216 1670 3281 Naxo
1691 3236 1770 3301 agre
1802 3216 1939 3282 colende
1969 3218 2188 3294 studeremus,

391 3331 488 3397 nobis
508 3332 658 3398 mercede
681 3334 831 3411 servivit,
854 3333 911 3398 scd
932 3332 973 3397 ab
995 3332 1060 3397 alie
1082 3340 1272 3399 nostrorum
1293 3332 1548 3399 domesticorum
1569 3332 1605 3397 in
1635 3333 1720 3397 iram
1735 3332 1892 3408 concitus,
1907 3353 1985 3397 eum
2000 3332 2187 3398 trucidavit.

392 3446 489 3527 erod
510 3448 569 3514 ubi
599 3460 694 3531 pater
725 3449 862 3527 audivit,
895 3450 1020 3532 πελάτην
1053 3446 1192 3531 pedibus
1221 3449 1440 3531 manibusque
1471 3449 1585 3533 ligatis
1615 3449 1652 3513 in
1673 3448 1805 3515 foveam
1829 3446 1927 3512 deiiei
1948 3449 2046 3513 iussit
2067 3458 2103 3513 et
2122 3448 2187 3513 huo

392 3564 555 3645 quendam
577 3564 678 3641 misit,
700 3568 759 3647 qui
780 3563 859 3647 quid
880 3563 1068 3629 faciendum
1089 3572 1185 3641 esset,
1207 3563 1249 3628 ab
1270 3571 1410 3647 exegeta
1430 3573 1601 3646 quaereret.
1644 3564 1787 3628 Interim
1807 3571 1920 3628 autem
1941 3564 2055 3629 vincte
2075 3564 2129 3628 illi
2149 3575 2192 3628 ut

391 3678 563 3745 honncida
586 3679 713 3743 nullam
736 3700 849 3744 curam
870 3680 982 3763 gessit,
1012 3680 1107 3761 quasi
1137 3679 1226 3743 nihil
1257 3680 1393 3744 omnino
1414 3679 1563 3755 referret,
1586 3680 1614 3743 si
1638 3680 1771 3762 periret,
1793 3676 1828 3741 id
1848 3678 1936 3761 quod
1957 3700 1993 3743 re
2014 3700 2095 3745 vera
2120 3679 2186 3744 fac-

392 3805 465 3860 tum
486 3804 553 3859 est:
573 3795 671 3858 homo
693 3794 751 3859 illo
783 3796 878 3871 lame,
911 3794 1043 3879 frigore,
1074 3795 1221 3861 vinculis
1251 3794 1411 3877 fatigatus
1441 3795 1550 3877 periit,
1583 3794 1776 3877 priusquam
1806 3794 2009 3859 nuntiusad
2030 3802 2187 3879 exegetas

391 3911 511 3975 missus
533 3910 610 3975 inde
632 3910 777 3975 redierit.
799 3909 909 3989 Quam
930 3910 971 3977 eb
993 3930 1072 3987 rem,
1095 3908 1298 3995 Euthyphrc
1328 3908 1448 3991 inquit,
1470 3916 1505 3973 et
1526 3916 1620 3991 pater
1641 3916 1676 3973 et
1702 3908 1823 3991 reliqui
1838 3910 2015 3992 propinqui
2040 3911 2188 3995 graviter

390 4026 512 4103 serunt,
535 4026 776 4109 quodpropter
797 4025 996 4091 homicidam
1017 4032 1171 4091 necatum
1204 4032 1332 4109 patrem
1365 4023 1464 4089 erudis
1484 4045 1580 4087 reum
1599 4044 1759 4102 accusem,
1781 4045 1885 4106 quum
1903 4024 1962 4089 alii
1983 4048 2061 4091 cum
2082 4028 2187 4093 inter-

390 4142 507 4207 fecisse
528 4149 662 4225 negent,
684 4142 751 4219 alii,
772 4143 873 4207 etiam
888 4141 917 4206 si
937 4148 1032 4224 pater
1053 4140 1284 4218 interfecisset,
1306 4139 1348 4205 de
1368 4139 1541 4205 homicidae
1562 4140 1703 4205 interitu
1731 4140 1819 4205 nihil
1840 4139 2023 4205 curandum
2043 4162 2115 4207 esse
2138 4144 2186 4207 af-

390 4257 761 4323 firment-Habemus
775 4258 879 4340 igitur
898 4256 930 4321 h.
954 4256 977 4319 l.
998 4256 1242 4321 accusationem
1261 4256 1504 4339 gravissimam,
1526 4278 1603 4321 eum
1623 4256 1715 4321 filius
1735 4265 1866 4340 patrem
1886 4257 1957 4340 ipse
1972 4256 2071 4323 estiis
2091 4278 2186 4323 aecu-

390 4381 450 4448 sot,
472 4380 507 4437 et
528 4370 682 4437 Socrates
704 4374 774 4456 ipse
796 4374 846 4437 rei
867 4373 1067 4456 gravitatem
1088 4370 1280 4449 admiratur,
1302 4370 1337 4435 id
1356 4372 1443 4455 quod
1464 4394 1483 4436 e
1503 4372 1616 4437 verbis
1637 4372 1710 4437 eius
1724 4372 1880 4454 colligere
1902 4372 1996 4437 licet:
2011 4393 2080 4437 nen
2094 4380 2184 4455 puto,

389 4488 538 4553 cuiusvis
559 4508 630 4553 esse
653 4508 735 4571 opus
756 4489 827 4555 heae
848 4494 936 4553 recte
957 4508 1064 4571 egere,
1086 4486 1144 4551 sed
1165 4488 1307 4553 alieuius
1328 4488 1491 4572 sapientia
1505 4488 1604 4572 longo
1619 4487 1777 4570 provecti.
1799 4487 1917 4569 Pergit
1936 4484 2071 4554 deinde:
2095 4490 2185 4555 Num

390 4605 463 4686 quis
485 4603 740 4669 domesticorum
761 4608 838 4687 (τῶν
861 4604 992 4686 οἰκείων)
1014 4611 1148 4687 epatre
1170 4612 1307 4668 necatus
1333 4605 1404 4668 cst?
1438 4604 1493 4668 rel
1526 4602 1559 4667 id
1590 4602 1717 4685 liquido
1749 4610 1850 4685 patet,
1872 4624 1979 4684 nequo
2001 4606 2092 4669 enirn
2114 4607 2183 4689 ὑπὲρ

388 4721 541 4805 ἀλλοτρίου
562 4727 691 4803 patrem
713 4719 882 4785 homicidii
902 4740 1080 4785 accusares.
1125 4717 1179 4783 Ad
1201 4718 1272 4784 hsec
1299 4719 1514 4803 Euthyphre:
1536 4716 1730 4783 Ridiculum
1760 4726 1819 4793 est,
1853 4718 1882 4783 si
1913 4718 1993 4800 quid
2024 4722 2183 4787 interesse

387 4858 510 4913 censes,
532 4834 775 4901 domesticasse
797 4856 841 4901 au
861 4842 1042 4899 extraneus
1063 4834 1188 4899 occisus
1210 4834 1263 4912 sit,
1285 4856 1393 4917 neque
1414 4832 1449 4899 id
1471 4842 1603 4898 tantum
1623 4834 1868 4917 respiciendum
1882 4856 1962 4911 esse,
1977 4844 2091 4901 utrum
2112 4838 2184 4903 iure

387 4950 543 5017 occiderit
563 4951 713 5035 quisquis
734 4950 862 5029 occidit,
884 4972 946 5016 nec
967 4970 1026 5029 ne;
1047 4948 1183 5033 quodsi
1204 4950 1286 5027 iure,
1308 4949 1554 5027 dinrittcndum‚
1570 4950 1623 5015 sin
1637 4958 1749 5015 autem
1763 4949 1896 5029 iniuria,
1910 4952 2183 5035 persequendum,
