4750 5900
1260 228 1328 295 12

392 423 584 508 aufugisset,
607 444 679 488 earn
701 423 814 488 statim
845 421 985 488 liberam
1006 419 1205 490 declaratam
1236 428 1348 492 fuisse.
1390 426 1475 508 Quae
1503 419 1592 510 apud
1613 419 1815 490 Pausaniam
1832 421 1994 509 leguntur
2013 419 2041 501 I,
2063 414 2112 501 29,
2134 416 2190 488 bi-

392 562 537 623 penncm
558 539 736 604 iudicatam
758 541 848 604 omui
870 541 976 624 eulpae
998 543 1136 608 crimine
1157 544 1332 610 liberatam
1354 563 1435 620 esse,
1455 542 1497 607 ab
1517 542 1654 606 Aeliani
1673 539 1786 608 verbis
1816 540 1914 606 valde
1935 540 2112 604 abhorrere
2133 540 2189 605 vi-

392 655 523 732 dentur,
545 657 602 738 qui
623 656 685 737 (V.
707 655 751 719 H.
772 654 829 719 lib.
852 657 951 734 VIII,
972 658 1013 736 3)
1036 658 1145 737 tradit,
1167 661 1204 723 in
1225 658 1342 722 dicbus
1360 659 1455 723 festis
1476 656 1689 734 celebrandis,
1711 655 1840 720 Διιπὸλια
1854 665 1889 719 et
1908 653 2057 740 Βουρόνια
2078 655 2189 719 nomi-

392 773 489 848 natis,
512 792 653 854 quorum
673 771 765 854 origo
787 772 869 854 quin
890 771 931 836 ad
952 793 1024 836 rem
1044 795 1064 837 a
1084 773 1252 839 Pausania
1283 774 1441 839 traditam
1473 771 1647 837 referenda
1676 773 1721 836 sit
1741 771 1801 854 (cf.
1823 770 1943 835 Krcbs.
1964 771 1986 834 l.
2007 770 2029 834 1.
2049 791 2101 854 pg.
2122 770 2188 850 31)

392 907 459 952 non
481 887 679 964 dubitamus,
701 907 777 951 cum
798 888 1025 970 unusquisque
1048 889 1145 954 cedis
1166 891 1350 955 commissae
1380 889 1519 955 erimine
1550 909 1586 951 so
1603 886 1744 952 liberare
1767 885 1949 950 studuisset
1968 892 2003 950 et
2022 885 2060 949 in
2080 885 2188 949 alium

393 1004 524 1086 culpam
544 1003 747 1076 coniecisset,
769 1002 913 1082 tandem,
935 1005 1056 1068 ceteris
1077 1005 1234 1070 omnibns
1252 1005 1413 1082 liberatis,
1434 1003 1577 1070 securim
1607 1001 1755 1067 iudicum
1776 1001 1952 1066 sententiis
1973 999 2072 1065 eaedis
2092 1021 2186 1064 ream

391 1119 640 1204 pronuntiatam
660 1119 773 1182 fuisse.
815 1118 883 1184 Sed
904 1129 942 1184 ut
962 1120 1033 1184 haec
1054 1121 1257 1198 omittamus,
1279 1122 1315 1185 in
1335 1120 1456 1203 quibus
1476 1121 1537 1185 vir
1557 1118 1600 1183 ad
1620 1119 1799 1184 veritatem
1818 1138 1880 1181 nos
1901 1135 2089 1181 accessuros
2110 1136 2186 1181 csse

392 1236 598 1310 confitemur,
630 1253 699 1297 non
730 1234 842 1299 minus
863 1234 1001 1299 dubium
1033 1235 1176 1312 videtur,
1199 1243 1313 1301 utrum
1334 1235 1579 1300 Demosthenes
1597 1253 1643 1299 or.
1664 1235 1702 1298 in
1723 1233 1882 1297 Aristocr.
1900 1231 1963 1296 645
1983 1231 2112 1297 verbis:
2133 1231 2187 1295 aa

391 1352 473 1420 λίθος
494 1351 514 1432 ἢ
536 1351 618 1420 ξύλον
651 1350 849 1434 ῆσίδηροςῆ
880 1374 906 1414 τι
925 1355 1038 1414 τοιοῦτο
1057 1351 1181 1435 ἐμπεσὸν
1212 1354 1324 1436 πατάξῃ
1345 1353 1461 1416 καὶτὸν
1495 1353 1544 1434 μὲν
1568 1349 1692 1436 βαλόντα
1713 1349 1807 1432 ἀγνοῇ
1829 1370 1879 1425 τις,
1901 1348 1972 1410 atre
1993 1349 2026 1410 bs
2045 1349 2111 1430 εἰᾶῇ
2134 1348 2184 1410 καὶ

391 1465 448 1551 ἔχῃ
469 1468 502 1529 τὸ
523 1467 571 1528 τὸν
594 1463 682 1549 φόνον
704 1465 897 1550 εἰργασμένον,
919 1465 1146 1544 declaraverit,
1178 1467 1300 1532 oaedem
1328 1467 1415 1552 apud
1437 1467 1646 1551 Prytaueum
1666 1463 1846 1529 iudicatam
1866 1484 1947 1540 esse,
1969 1462 1998 1527 si
2020 1480 2074 1528 res
2095 1480 2185 1546 quara

390 1581 466 1646 darn
487 1580 643 1658 inanima,
665 1601 738 1662 quae
761 1582 895 1646 anullo
917 1581 957 1646 ad
979 1581 1101 1648 eaedem
1122 1583 1378 1666 perpetrandam
1397 1582 1546 1647 adhibita
1567 1601 1638 1646 esse
1652 1579 1832 1656 videretur,
1848 1599 1962 1642 necem
1976 1578 2077 1643 alicui
2098 1579 2185 1644 forte

391 1698 554 1774 intulerit,
576 1695 675 1760 auid
696 1698 807 1780 potius
828 1696 967 1762 dixerit:
989 1698 1031 1762 de
1053 1698 1140 1763 caede
1161 1698 1249 1782 apud
1270 1699 1479 1784 Prytancum
1499 1699 1670 1782 cognitum
1689 1695 1801 1772 fuisse,
1823 1694 1853 1758 si
1873 1715 1891 1757 e
1912 1693 2007 1776 ligni,
2021 1701 2081 1758 aut
2093 1695 2184 1771 ferri,

391 1820 451 1877 aut
481 1811 602 1896 lapidis
633 1812 729 1896 lapsu
761 1820 820 1877 aut
852 1815 921 1888 ictu
952 1814 1098 1899 intelligi
1119 1823 1282 1898 possete
1314 1814 1412 1880 eaedis
1438 1821 1572 1879 auctore
1603 1812 1670 1876 tale
1692 1809 1771 1893 quid
1791 1811 1829 1873 in
1849 1809 2019 1874 hominem
2040 1811 2184 1874 occisum

392 1929 578 1994 coniectum
598 1948 680 2004 esse,
710 1929 822 2012 ipsum
853 1937 966 1994 autem
997 1931 1146 1994 criminis
1167 1938 1337 1996 auctorem
1368 1931 1405 1995 in
1425 1929 1586 1994 iudicium
1606 1927 1719 1993 vocari
1738 1947 1808 1990 non
1828 1926 1985 2009 petuisse.
2027 1925 2079 1989 Ac
2099 1925 2185 1990 mihi

391 2045 524 2128 quidem
546 2065 566 2108 a
586 2045 660 2108 veri
691 2043 909 2109 similitudine
941 2065 1149 2128 nequaquam
1179 2047 1358 2111 abhorrere
1388 2044 1555 2121 ridentur,
1587 2044 1645 2126 qui
1676 2043 1783 2106 totius
1805 2041 1871 2105 loci
1902 2042 2010 2106 nostri
2030 2063 2184 2106 connexu

391 2161 472 2224 satis
493 2159 603 2225 evinci
637 2157 757 2236 dicant,
779 2160 811 2224 h.
844 2157 865 2223 l.
887 2160 1025 2225 minime
1053 2161 1094 2224 de
1115 2160 1203 2226 eaede
1224 2160 1437 2246 cogitandum
1456 2181 1537 2236 esse,
1558 2158 1600 2224 ad
1620 2179 1720 2241 qnam
1740 2155 1994 2240 perpetrandam
2014 2179 2097 2222 num
2118 2179 2185 2240 qna

392 2276 446 2342 vis
466 2275 612 2339 humana
625 2293 722 2358 opem
736 2275 862 2352 tulerit,
878 2295 945 2339 non
966 2277 1178 2358 perspicuum
1193 2277 1244 2341 sit.
1287 2276 1401 2340 Verba
1421 2277 1512 2342 enim
1531 2276 1645 2358 τὸνμὲν
1661 2272 1785 2358 βαλόντα
1799 2273 1894 2355 ἀγνοῇ
1916 2292 1936 2336 ο
1956 2273 2184 2337 Demosthene

392 2412 461 2456 non
482 2389 594 2454 addita
615 2397 736 2468 essent,
758 2391 787 2455 si
809 2390 911 2454 talem
941 2393 1142 2456 seutentiam
1174 2399 1285 2456 orator
1306 2363 1495 2475 exprimere
1514 2391 1686 2457 voluisset.
1729 2389 1882 2472 Apparet
1901 2389 2013 2470 potius
2034 2411 2053 2453 e
2075 2388 2190 2454 verbis

391 2506 543 2583 laudatis,
567 2507 830 2571 Demosthenem
858 2507 1002 2570 maxime
1033 2529 1162 2590 urgere,
1194 2507 1442 2573 interfectorem
1471 2507 1625 2591 ignotum
1655 2503 1809 2580 abfuisse,
1831 2524 1895 2585 quo
1917 2502 2053 2568 absente
2074 2504 2116 2568 do
2135 2505 2190 2568 in—

394 2629 588 2700 strumento,
611 2643 675 2705 quo
696 2621 737 2686 ad
759 2621 882 2687 eaedem
903 2621 1173 2686 committendam
1195 2645 1276 2688 usus
1297 2632 1393 2701 essct,
1426 2622 1467 2687 ad
1489 2623 1698 2706 Prytaneum
1725 2619 1908 2684 iudicatum
1929 2640 2009 2684 csse.
2052 2619 2187 2683 Ideme

392 2739 567 2804 Pausania
588 2738 778 2802 narratione
803 2759 902 2821 supra
922 2737 1056 2803 laudata
1078 2739 1208 2803 elucere
1242 2739 1338 2804 facile
1370 2739 1524 2821 cuiquam
1543 2735 1768 2821 persuadetur.
1811 2733 1909 2815 Quod
1930 2755 2012 2800 vero
2031 2733 2188 2799 nonnulli

393 2853 646 2930 contenderunt,
677 2854 940 2918 instrumentum
972 2855 1013 2919 ab
1044 2853 1209 2920 homicida
1240 2856 1354 2939 ignoto
1385 2854 1572 2919 adhibitum
1603 2849 1806 2916 aiudicibus
1826 2850 2020 2916 damnatum
2041 2857 2076 2914 et
2095 2857 2189 2913 trans

392 2956 477 3036 lines
508 2977 714 3055 asportatum
745 2990 826 3045 esse,
859 2972 953 3035 nullo
974 2972 1061 3055 quod
1096 2972 1197 3036 seiam
1224 2973 1416 3037 testimonio
1437 2970 1562 3035 diserte
1590 2969 1758 3052 probatur,
1780 2988 1977 3049 quamquam
1998 2966 2033 3031 id
2054 2965 2187 3049 quidem

392 3088 483 3152 inter
503 3066 618 3151 omues
640 3092 779 3163 constat,
800 3107 854 3151 res
875 3088 1083 3167 inanimatas,
1104 3109 1177 3170 quse
1199 3109 1277 3153 casu
1295 3088 1434 3153 fortuito
1453 3106 1572 3151 necem
1597 3082 1697 3149 alicui
1728 3090 1937 3166 paraverant,
1958 3081 2130 3147 damnatas
2153 3089 2188 3145 ct

393 3211 486 3267 trans
507 3204 592 3267 fines
613 3202 776 3285 proiectas
790 3223 862 3267 esse
884 3224 903 3267 a
924 3206 1156 3291 celebratata,
1171 3205 1228 3287 qui
1244 3202 1381 3268 Polluce
1396 3210 1530 3267 cunctere
1544 3199 1710 3267 iudicibus
1730 3196 1771 3263 ad
1785 3198 1994 3283 Prytaneum
2008 3206 2186 3281 praeerant:

391 3320 609 3403 προειστήκεσαν
632 3318 663 3381 δὲ
683 3318 785 3381 τούτου
807 3320 987 3405 δικαστηρίου
1010 3324 1037 3385 οἱ
1059 3323 1273 3407 celebratata
1293 3319 1346 3389 οὓς
1365 3316 1423 3383 ἔδει
1445 3320 1480 3383 τὸ
1500 3318 1623 3403 ἐμπεσὸν
1646 3315 1762 3401 ἄψυχον
1778 3315 1949 3399 ὑπερορίσαι
1993 3314 2075 3378 Pari
2094 3312 2187 3379 deni-

392 3454 456 3517 que
478 3433 574 3497 modo
596 3432 635 3497 de
657 3434 867 3511 animalibus,
888 3456 961 3517 quae
983 3436 1130 3500 heminis
1149 3436 1321 3501 cuiusdam
1340 3436 1516 3501 interitum
1537 3434 1725 3507 effecerant,
1757 3429 1904 3493 Athenis
1933 3428 1975 3493 ab
1997 3426 2127 3512 ephetis
2146 3428 2188 3493 ad

392 3550 602 3633 Prytaneum
622 3548 807 3613 iudicatum
826 3572 907 3629 csse,
930 3572 949 3615 ο
970 3552 1055 3617 Plat.
1078 3553 1162 3637 legg.
1185 3552 1240 3617 IX
1260 3574 1291 3635 p.
1312 3552 1375 3617 873
1390 3551 1503 3635 colligi
1517 3558 1635 3633 potest,
1650 3568 1715 3630 quo
1736 3547 1808 3611 loeo
1829 3544 1986 3621 munitur,
2008 3546 2037 3609 si
2057 3546 2188 3609 iumen-

392 3674 466 3731 tum
487 3672 546 3729 aut
566 3664 656 3729 aliud
678 3666 804 3729 animal
826 3666 996 3732 hominem
1017 3669 1236 3744 interfecerit,
1257 3668 1324 3732 nisi
1345 3668 1382 3731 in
1415 3666 1594 3731 certamine
1626 3663 1761 3747 publice
1781 3660 1816 3725 id
1836 3658 1962 3724 factum
1983 3660 2036 3737 sit,
2057 3662 2193 3744 propin-

393 3783 450 3864 qui
470 3782 615 3845 hominis
637 3782 712 3847 caesi
733 3780 898 3847 iudicibus
919 3782 954 3847 id
975 3783 1128 3849 delerant
1147 3793 1182 3849 et
1203 3806 1359 3867 agrorum
1380 3790 1548 3847 curatores
1568 3780 1631 3857 illi,
1651 3776 1772 3863 quibus
1792 3777 1999 3859 propinquus
2013 3777 2085 3861 ipse
2099 3797 2193 3839 nran-

392 3897 497 3974 davit,
516 3894 665 3962 iudicent
686 3905 721 3961 ct
741 3896 934 3962 damnatum
956 3907 1052 3964 extra
1072 3900 1219 3983 regionis
1236 3901 1323 3964 fines
1342 3897 1604 3963 interficiant.-

493 4010 590 4091 Quod
611 4013 753 4096 denique
775 4012 816 4077 ad
837 4022 1036 4097 potestatem
1056 4016 1149 4081 illius
1181 4016 1363 4080 tribunalis
1394 4014 1525 4090 attinet,
1547 4012 1601 4077 oui
1622 4032 1745 4076 nomon
1767 4018 1819 4075 est
1838 4011 1872 4074 τὸ
1893 4010 1923 4075 ἐν
1944 4010 2095 4094 Φρεαττοῖ,
2121 4008 2190 4071 De-

393 4127 566 4193 mosthene
588 4131 655 4210 (or.
677 4130 714 4192 in
735 4130 895 4197 Aristocr.
919 4131 1002 4213 646)
1024 4138 1058 4196 et
1079 4132 1217 4196 Polluce
1239 4130 1358 4213 (VIII,
1380 4129 1459 4212 120)
1479 4126 1669 4195 auctoribus
1691 4127 1819 4211 ephetre
1838 4126 1885 4191 ibi
1900 4124 2061 4191 iudicasse
2075 4123 2190 4189 dieun-

391 4251 456 4321 tur,
479 4244 508 4311 ei
539 4245 614 4327 quis
652 4266 729 4311 cum
760 4244 859 4311 eaedis
889 4248 1036 4314 fortuitae
1068 4269 1146 4313 reus
1176 4247 1283 4312 factus
1313 4254 1402 4311 esset
1434 4246 1606 4327 solumque
1638 4253 1813 4328 prepterea
1843 4240 1885 4307 ad
1904 4250 2037 4324 tempus
2057 4248 2189 4305 vertere

392 4365 535 4437 coaetus,
555 4360 679 4425 iterum
700 4368 779 4427 ante
801 4361 947 4428 reditum
968 4364 1055 4430 caede
1083 4384 1186 4445 eaque
1208 4363 1360 4427 consulto
1380 4363 1468 4427 facta
1487 4361 1569 4425 foris
1590 4382 1625 4425 se
1646 4359 1872 4425 maculaverit.
1895 4356 1960 4421 Oui
1991 4377 2095 4439 quum
2115 4378 2191 4441 pre·

391 4476 527 4559 pinquis
558 4476 706 4542 hominis
737 4478 835 4543 occisi
866 4480 1016 4545 nondum
1047 4480 1186 4564 placatis
1217 4486 1353 4562 propter
1384 4476 1507 4543 caedem
1528 4497 1595 4541 uon
1615 4474 1841 4541 voluntariam
1861 4474 2004 4556 patriam
2024 4474 2189 4558 attingere

392 4612 461 4657 non
482 4591 601 4656 liceret
621 4601 655 4657 et
675 4592 783 4659 nihile
805 4602 918 4661 tamen
954 4597 1061 4662 secius
1081 4616 1216 4680 poenam
1236 4594 1406 4661 homicidii
1427 4591 1610 4660 voluntarii
1632 4590 1743 4657 subire
1764 4588 1909 4666 deberet,
1930 4609 2008 4653 eum
2029 4587 2071 4653 ad
2091 4587 2193 4653 illum

392 4707 514 4772 Piraei
535 4706 646 4773 locum
667 4709 800 4793 navigio
834 4712 1002 4795 appellere
1024 4713 1203 4789 iusserunt,
1236 4719 1348 4775 tamen
1370 4730 1477 4793 neque
1499 4706 1696 4772 descendere
1717 4706 1754 4769 in
1775 4712 1909 4782 terram,
1929 4724 2038 4789 neque
2058 4705 2189 4770 ancoris

393 4822 532 4888 scalisve
564 4825 624 4902 uti,
657 4834 795 4889 eatenus
826 4836 939 4892 autem
971 4829 1245 4913 appropinquare,
1278 4835 1317 4891 ut
1347 4834 1382 4891 et
1412 4827 1483 4909 ipse
1514 4823 1629 4889 audire
1662 4830 1733 4887 eta
1754 4820 1919 4887 iudicibus
1939 4819 2048 4885 audiri
2067 4828 2187 4904 posset.

393 4937 588 5007 Cuiusmodi
619 4962 750 5008 caussas
781 4942 949 5009 rarissime
980 4954 1071 5011 actes
1091 4966 1171 5023 esse,
1193 4943 1268 5009 luce
1289 4943 1411 5009 clarius
1432 4948 1491 5008 est.
1535 4938 1689 5007 Primum
1708 4940 1800 5004 enim
1820 4960 1838 5004 e
1859 4958 1973 5004 rerum
1993 4944 2115 5005 natura
2135 4936 2189 5001 in·
