4750 5900
1057 216 1096 282 '7

186 424 315 511 ophctis
341 429 431 490 certe
458 417 719 487 communicasse
748 423 783 480 ot
810 415 872 482 hoc
898 415 1028 482 rationo
1054 434 1210 500 magnam
1237 419 1367 498 partem
1387 414 1507 492 oneris,
1529 411 1617 497 quod
1636 413 1689 478 illi
1712 411 1931 491 sustinebant,
1949 414 1987 478 in

187 545 247 610 hos
268 539 489 608 transtulisse.

285 658 398 739 Atque
418 654 490 718 haec
511 650 645 736 quidem
665 648 835 714 hactonus.
857 649 931 714 Iam
951 669 1042 726 voro,
1063 655 1103 713 ut
1123 647 1165 712 ad
1185 647 1334 725 alteram,
1356 667 1456 729 quam
1476 645 1560 711 mihi
1573 665 1818 729 proposueram,
1832 647 1987 730 quastio-

188 796 266 841 nem
285 769 493 838 tractandam
507 775 725 842 transeamus,
745 762 981 850 explicandum
1000 784 1073 829 esee
1094 761 1237 840 videtur,
1259 783 1383 828 nomen
1404 761 1601 845 ophetarum
1626 760 1715 826 unde
1735 761 1922 828 ducendum
1943 764 1989 827 sit

188 887 321 972 etquid
343 886 518 972 significet
554 883 632 948 Non
653 881 869 964 compositam
889 900 961 944 esse
983 878 1183 962 ophetarum
1203 900 1319 943 voocm
1341 899 1359 942 o
1381 877 1501 943 verbis,
1514 877 1562 940 ἐπὶ
1582 886 1618 942 et
1638 879 1721 961 αἷμα,
1736 899 1836 960 quam
1856 878 1986 944 deriva-

188 1007 315 1070 tionem
336 1001 424 1086 apud
444 998 741 1082 Harpocrationom
761 997 956 1078 reperimus,
984 1017 1005 1060 a
1025 1015 1089 1079 quc
1112 993 1234 1061 Suidas
1259 1015 1333 1059 eam
1356 1001 1529 1059 mutuatus
1556 1013 1628 1058 esse
1660 992 1803 1071 videtur,
1826 991 1986 1060 Krebsius

190 1119 332 1204 (Opuso.
353 1116 495 1183 academ
517 1121 552 1179 et
573 1112 723 1178 scholast
744 1112 836 1195 Lips.
860 1110 961 1194 1828)
976 1119 1065 1178 recte
1087 1112 1153 1176 iam
1174 1111 1354 1184 intellexit,
1376 1110 1439 1186 cui,
1461 1130 1564 1191 quum
1584 1118 1738 1175 veterum
1758 1111 1988 1192 grammatico-

189 1259 266 1303 rum
294 1233 526 1300 auctoritatem
553 1235 686 1293 secutus
710 1249 828 1294 vocem
853 1227 948 1292 illam
973 1227 1015 1292 ab
1048 1226 1155 1312 ἐφιέναι
1183 1226 1255 1290 sive
1276 1246 1296 1289 a
1316 1223 1525 1308 provocando
1545 1226 1657 1308 potius
1678 1224 1893 1290 derivandam
1914 1247 1986 1290 esse

191 1359 333 1429 censeat,
355 1370 423 1413 non
444 1347 604 1413 habemus
625 1366 685 1409 cur
705 1365 774 1408 non
794 1345 1024 1409 assentiamur.
1066 1343 1186 1408 Restat
1206 1349 1319 1405 autem
1340 1342 1479 1424 quaestio
1501 1340 1707 1419 difficillima,
1731 1353 1895 1424 quatenus
1916 1343 1988 1408 hmo

191 1467 337 1532 nominis
358 1462 533 1548 explicatio
556 1483 632 1527 cum
653 1459 914 1524 Atheniensium
934 1459 1126 1542 reipublicae
1147 1456 1336 1522 conditione
1379 1463 1414 1521 ot
1435 1457 1570 1521 omnino
1592 1479 1667 1522 cum
1688 1479 1803 1523 eorum
1817 1459 1985 1524 institutis

193 1589 352 1666 congruat
381 1587 416 1644 et
442 1576 605 1662 quomodo
633 1573 853 1658 intelligenda
881 1575 933 1639 sit.
976 1576 1030 1640 De
1058 1595 1123 1656 qua
1143 1595 1180 1638 ro
1202 1574 1270 1639 viri
1293 1573 1476 1638 doctissimi
1497 1575 1555 1638 alii
1577 1572 1660 1638 alias
1679 1574 1893 1656 protulerunt
1914 1597 1989 1640 sen-

193 1698 315 1764 tentias
336 1703 371 1760 et
392 1693 499 1778 quoad
520 1700 579 1758 out
600 1692 752 1769 activam,
774 1700 832 1754 aut
852 1691 1019 1774 passivam
1039 1690 1211 1754 notionem
1233 1689 1361 1753 nomini
1382 1690 1479 1774 ἐρέται
1500 1690 1610 1754 inesse
1631 1691 1760 1769 volunt,
1781 1691 1819 1754 in
1840 1689 1989 1756 divorsas

191 1822 302 1898 partes
321 1811 454 1876 abeunt
495 1807 586 1874 Sunt
618 1809 730 1892 igitur,
767 1806 888 1890 quibus
920 1805 1142 1872 Schoemanno
1164 1813 1298 1870 auctore
1326 1805 1416 1869 haud
1442 1805 1662 1888 improbabile
1683 1806 1845 1885 videatur,
1866 1829 1990 1872 nomon

192 1930 388 2013 ophetarum
409 1926 479 1990 illis
500 1923 664 1989 iudicibus
685 1929 860 2006 propteroa
879 1922 1024 1988 inditum
1045 1943 1127 2000 esse,
1149 1920 1237 2004 quod
1256 1922 1524 2006 caussa-cognita
1544 1921 1657 2007 ἐφίεσαν
1680 1922 1752 1987 sivo
1765 1923 1885 2008 ἐφίεντο,
1906 1922 1938 1987 h.
1960 1944 1990 1992 o.

193 2043 273 2128 quid
293 2042 334 2107 dc
355 2061 412 2107 roo
433 2039 620 2108 faciendum
642 2045 738 2118 esset,
759 2039 986 2122 praeciperent,
1007 2045 1122 2103 utrum
1144 2037 1306 2120 supplicio
1326 2037 1424 2116 affici,
1445 2059 1489 2102 an
1511 2038 1655 2115 exulare,
1677 2059 1721 2103 an
1742 2038 1870 2122 expiari
1892 2038 1990 2105 dobe-

193 2166 261 2224 ret:
283 2158 363 2223 lioot
393 2179 510 2242 parum
539 2156 674 2238 liqueat,
706 2161 871 2238 quatenus
901 2153 1098 2237 ophetarum
1130 2152 1248 2231 ordini,
1281 2155 1402 2238 quippo
1435 2173 1575 2236 quorum
1604 2155 1705 2218 etiam
1725 2161 1803 2220 ante
1824 2155 1990 2220 Draconis

194 2283 327 2338 aetatem
347 2273 466 2338 fuisset
486 2272 642 2349 iudicare,
664 2269 827 2352 quomodo
849 2271 886 2334 in
905 2270 1047 2354 singulis
1069 2269 1177 2334 causis
1197 2270 1235 2334 in
1255 2291 1350 2334 rcum
1371 2268 1538 2353 agendum
1562 2276 1659 2347 esset,
1680 2268 1742 2334 hae
1762 2271 1912 2336 muneris
1932 2271 1989 2336 de·
2092 2306 2099 2319 =

194 2388 372 2472 scriptione
405 2411 493 2455 nova
524 2386 675 2471 quaedam
706 2386 813 2451 scrma
841 2384 967 2450 tributa
988 2392 1084 2464 osset,
1106 2384 1141 2449 id
1162 2385 1288 2468 quode
1309 2386 1458 2450 Pollucis
1479 2384 1593 2450 verbis
1614 2385 1686 2449 sine
1708 2383 1808 2451 dubio
1831 2387 1990 2472 colligen-

193 2505 274 2570 dum
304 2525 376 2569 esse
398 2515 543 2588 apparet.
584 2503 697 2567 Multo
717 2502 823 2586 magis
843 2500 992 2565 eiusdem
1012 2501 1080 2568 viri
1100 2499 1283 2566 doctissimi
1304 2500 1418 2567 verbis
1438 2499 1604 2565 confidere
1618 2522 1672 2565 me
1686 2502 1855 2581 confiteor,
1870 2505 1990 2587 quibus

195 2619 397 2686 sententiam
425 2618 467 2683 ab
495 2618 605 2684 Odofr.
630 2618 796 2682 Muelloro
824 2621 1018 2700 (comment
1040 2617 1077 2681 in
1096 2617 1196 2682 Eum.
1218 2617 1302 2698 154)
1321 2617 1523 2700 propositam
1551 2617 1755 2701 infringito
1777 2639 1842 2701 qua
1863 2621 1991 2703 epheta

195 2755 319 2800 nomon
353 2734 516 2817 accepisse
548 2733 706 2798 dicuntur
735 2734 814 2818 παρὰ
845 2734 878 2797 τὸ
899 2733 1007 2818 ἐφιέναι
1026 2739 1068 2820 τῷ
1091 2734 1261 2818 ἀνδροφόνῳ
1282 2734 1331 2796 τὸν
1354 2733 1544 2818 ἀνδρηλάτην.
1587 2731 1716 2798 Iudicia
1736 2736 1847 2819 φονικὰ,
1869 2736 1989 2819 inquit,

196 2872 234 2916 eo
255 2850 367 2934 potius
388 2848 525 2915 consilio
547 2849 703 2914 instituta
724 2857 828 2928 crant,
848 2857 889 2914 ut
908 2850 1032 2915 ultioni
1052 2849 1192 2932 privato
1205 2854 1264 2915 ,τοῦ
1283 2850 1463 2934 άνδρηλάτοο
1483 2848 1692 2925 obsisterent,
1715 2869 1816 2933 quam
1843 2858 1882 2916 ut
1900 2852 1990 2918 hunc

195 2968 417 3032 immitterent
438 2966 475 3031 in
495 2965 730 3032 adversarium.
766 2967 882 3049 Neque
905 2968 996 3032 enim
1015 2966 1069 3031 illi
1091 2965 1270 3048 quidquam
1290 2966 1445 3030 relictum
1466 2973 1547 3044 erat,
1568 2966 1635 3031 nisi
1655 2973 1695 3031 ut
1708 2975 1891 3033 accusaret:
1913 2991 1991 3035 ocn-

195 3082 388 3148 demnatum
401 3104 497 3147 rcum
517 3090 576 3147 aut
597 3084 758 3166 supplicio
781 3083 955 3161 afficiebat,
977 3088 1036 3147 aut
1056 3082 1193 3145 exulare
1214 3081 1351 3146 iubebat
1371 3102 1439 3146 non
1459 3088 1637 3162 accusator,
1658 3082 1716 3148 sod
1737 3082 1912 3149 iudicium:
1932 3109 1992 3152 no·

195 3220 257 3282 quo
279 3198 461 3263 accusatori
480 3197 660 3281 quidquam
680 3198 811 3271 licebat,
832 3198 898 3262 nisi
921 3205 959 3263 ut
980 3180 1188 3282 supplicium,
1210 3199 1240 3262 si
1259 3198 1374 3274 vellet,
1395 3218 1542 3284 praesens
1559 3198 1631 3281 ipso
1650 3197 1842 3282 adspiceret,
1857 3202 1992 3267 exulem

195 3322 309 3378 autom
341 3313 504 3396 persequi,
531 3312 707 3377 dummodo
736 3313 790 3377 hic
818 3313 912 3377 exilii
945 3314 998 3378 sui
1029 3314 1136 3396 legem
1171 3320 1327 3391 servaret,
1359 3312 1454 3377 nullo
1487 3312 1583 3377 modo
1612 3314 1662 3377 fas
1682 3315 1713 3378 oi
1735 3318 1992 3401 orat-Neque

199 3429 384 3493 Webcrum
405 3426 504 3509 (odit.
527 3429 721 3493 Aristocrat
744 3451 774 3511 p.
796 3427 890 3507 269),
921 3430 1042 3512 quippo
1076 3429 1134 3510 qui
1161 3436 1295 3505 statuat,
1316 3428 1505 3493 Draconem
1526 3450 1595 3493 non
1615 3430 1687 3514 regi
1709 3430 1771 3494 soli
1791 3452 1847 3496 ros
1866 3432 1993 3519 discop-

197 3544 314 3609 taudas
333 3544 517 3626 reliquisse,
540 3544 597 3609 sod
618 3564 674 3608 eas
694 3542 736 3608 od
757 3544 952 3627 ophetarum
974 3544 1150 3610 arbitrium
1172 3545 1334 3621 reiecisse,
1366 3543 1470 3608 verba
1497 3545 1661 3611 Pollucis:
1681 3546 1818 3632 πρότερον
1839 3554 1892 3612 τοῦ
1915 3552 1991 3635 βασι-

199 3657 273 3729 λέως
292 3661 362 3729 τοὺς
381 3660 431 3723 ἐπ’
455 3661 584 3746 ἀκουσίῳ
606 3659 688 3746 φόνῳ
710 3660 893 3745 κρινομένους
913 3660 1094 3733 ἐξετάζοντας
1115 3662 1131 3725 b
1152 3661 1273 3746 Δράκων
1294 3660 1443 3745 παρέδωκε
1473 3666 1536 3731 τοῖς
1569 3662 1682 3747 ἐφέταις
1708 3664 1760 3747 τὴν
1780 3664 1878 3748 κρίσιν,
1900 3667 1991 3751 ἐφέσι-

200 3796 251 3855 μον
274 3775 331 3837 ἀπὸ
362 3780 414 3837 τοῦ
448 3776 589 3859 βασιλέως
621 3780 786 3861 πεποιηκὼς
815 3776 864 3841 ita
885 3777 1178 3860 interpretantem:
1205 3776 1345 3854 „iudicio
1375 3796 1493 3861 aroge
1514 3776 1556 3841 ad
1577 3776 1773 3861 ophetarum
1793 3788 1993 3862 potestatem

197 3888 388 3966 translato“,
409 3900 537 3955 rectum
559 3890 682 3957 vidisse
704 3912 780 3956 cum
799 3894 928 3958 Horuio
950 3897 964 3975 (
975 3894 1013 3959 cf.
1036 3894 1108 3959 eius
1122 3893 1286 3959 dissertat
1306 3890 1365 3970 „do
1380 3894 1526 3976 quinquo
1540 3892 1680 3972 iudiciis,
1695 3894 1731 3958 in
1752 3895 1873 3976 quibus
1894 3907 1991 3964 astato

198 4002 310 4069 docem
341 4012 508 4069 oratorum
531 4004 675 4072 Athonis
706 4006 758 4072 do
780 4006 867 4075 caedo
898 4009 1133 4075 indicabatur.“
1187 4010 1294 4075 Ploen.
1328 4010 1438 4091 1859.)
1469 4029 1651 4087 censemus,
1678 4008 1763 4073 bene
1785 4010 1992 4092 observante,

199 4119 338 4185 Wobcri
360 4120 583 4203 explicatione
605 4122 707 4187 verbo
729 4124 786 4187 ἀπὸ
808 4124 906 4202 offici,
929 4134 967 4191 ut
988 4148 1049 4190 rex
1070 4125 1111 4190 ab
1132 4125 1205 4209 ipso
1226 4125 1422 4208 ophetarum
1441 4123 1562 4189 iudicio
1576 4124 1780 4190 interclusus
1798 4127 1993 4211 cogitandus

198 4238 250 4301 sit
271 4236 350 4300 Alio
371 4236 467 4300 modo
489 4236 639 4301 Herulus
660 4258 731 4301 rom
753 4240 905 4321 explieat
928 4242 1081 4305 Primum
1100 4242 1189 4305 eninr
1205 4240 1347 4318 coniicit,
1363 4239 1503 4304 verbum
1523 4241 1660 4326 πρέτερον
1675 4262 1743 4304 non
1763 4250 1895 4325 tompus
1915 4254 1993 4309 anto

197 4352 383 4417 Draconem
405 4360 576 4437 peractum
598 4352 795 4437 significare,
817 4354 874 4419 scd
889 4355 1052 4420 actionem
1069 4354 1318 4439 disceptationis
1331 4364 1409 4419 anto
1424 4355 1583 4421 iudicium
1605 4358 1641 4421 in
1663 4356 1825 4421 tribunali
1840 4358 1992 4425 habitum

198 4488 315 4550 aroge
337 4469 501 4534 instituta
523 4478 681 4553 spectaro,
710 4469 821 4535 vorbis
840 4479 951 4535 auteur
973 4472 1189 4553 sequentihus
1210 4471 1359 4549 indicari,
1374 4471 1480 4555 ipsam
1499 4473 1716 4553 quaestionem
1738 4480 1772 4538 ot
1792 4476 1994 4540 sententiam

200 4581 369 4645 ferendam
399 4583 440 4647 ad
468 4584 673 4667 ophetarum,
703 4585 760 4669 qui
783 4585 1038 4669 disceptationes
1060 4608 1079 4651 a
1100 4608 1178 4671 rogo
1200 4587 1303 4651 factrus
1325 4588 1561 4651 confirmarent
1595 4596 1630 4652 et
1650 4588 1692 4651 ad
1712 4588 1817 4652 finem
1837 4590 1995 4672 perduco·

199 4704 284 4773 rent,
305 4705 503 4780 potestatem
525 4700 719 4765 translatam
741 4722 822 4767 osso.
868 4698 906 4767 Si
928 4703 1027 4781 enim,
1042 4704 1161 4787 pergit,
1182 4702 1324 4768 verbum
1344 4701 1481 4787 πρότερον
1510 4709 1643 4785 tompus
1663 4711 1741 4767 anto
1763 4701 1927 4771 Draconis
1947 4708 1995 4771 lo-

197 4812 410 4897 gislaticnom
437 4824 608 4896 peractum
631 4816 844 4900 significaret,
866 4818 991 4883 Pollux
1012 4817 1161 4897 dixisset,
1195 4839 1309 4902 regem
1331 4823 1409 4881 anto
1431 4818 1596 4881 Draconis
1617 4826 1768 4900 tempora
1795 4821 1904 4885 solum
1925 4844 1994 4886 om-

198 4928 297 4995 nibus
328 4926 429 4994 rebus
459 4926 500 4993 ad
532 4928 691 5027 iudicium
722 4933 949 5017 spectantibus
983 4933 1137 4999 functum
1159 4954 1239 5010 osso,
1261 4933 1296 4997 id
1317 4932 1404 5016 quod
1425 4932 1553 4997 nomini
1573 4932 1819 4999 concedendum
1841 4937 1894 5014 sit,
1917 4957 1993 5002 eum

1069 5050 1071 5055 .
1762 5034 1794 5087 l*
