4750 5900
1055 253 1097 317 5

197 469 266 516 non
285 447 485 516 voluntaria
505 471 608 534 penes
629 445 831 534 Eupatridss
852 449 955 515 firisse
988 451 1109 535 quippe
1139 447 1224 516 iuris
1255 447 1340 516 sacri
1369 449 1503 532 peritos,
1535 447 1799 516 iurisdictionem
1825 446 1866 513 ad
1887 446 1993 514 cades

199 567 405 633 voluntarias
425 567 650 649 pertinentem
671 563 801 631 civibus
822 565 924 630 etiam
944 566 1113 632 inferioris
1134 565 1261 632 ordinis
1285 565 1373 630 tradi
1398 567 1556 650 potuisse,
1576 565 1665 631 unde
1694 565 1852 630 facillime
1870 569 1991 647 pateat,

198 683 418 766 Areopagitas
438 680 479 746 ab
500 681 631 764 ephetis
651 702 720 745 non
741 680 834 764 prius
855 680 998 745 discerni
1019 683 1175 766 potuisse,
1197 701 1296 764 quam
1317 687 1415 746 aetate
1438 679 1589 759 Solones,
1612 702 1677 764 quo
1702 687 1850 764 tempore
1872 678 1992 744 nobili-

199 797 261 862 bus
283 805 445 880 quantum
464 796 627 880 religione
648 797 781 880 integra
801 797 875 861 fieri
896 798 1051 880 potuerit,
1073 797 1247 880 potestatis
1267 796 1416 861 ablatum
1437 797 1490 875 sit,
1511 799 1560 861 ita
1580 804 1620 861 ut
1640 795 1780 881 plebeiis
1801 795 1903 859 etiam
1923 793 1993 859 adi-

197 919 254 977 tus
274 911 316 976 ad
337 919 492 976 senatum
513 911 784 994 Areopagiticum
805 914 987 996 patefieret
1029 911 1095 977 Oui
1116 918 1312 996 argumento
1333 932 1352 976 e
1373 933 1486 978 rerum
1500 912 1733 977 historicarum
1747 909 1991 994 computatione

198 1028 466 1112 ingeniosissima
495 1026 669 1110 desumpto
697 1026 786 1092 idem
813 1028 868 1092 vir
895 1026 1107 1092 doctissimus
1134 1027 1202 1092 alia
1221 1026 1374 1111 quaedam
1392 1026 1544 1110 adiungit
1564 1028 1704 1092 minoris
1724 1025 1895 1102 momenti,
1917 1044 1990 1106 quae

120 1223 122 1229 ,
197 1151 312 1206 tamen
333 1163 393 1225 per
414 1162 448 1206 se
471 1141 673 1206 sententiam
694 1163 794 1225 supra
813 1143 1016 1226 propositam
1037 1143 1134 1207 tueri·
1147 1143 1310 1225 opinatur.
1350 1142 1402 1206 Eo
1424 1143 1516 1206 enim
1537 1141 1747 1207 confidentia)
1772 1139 1930 1224 procedit,
1951 1146 1992 1204 ut

198 1278 266 1321 non
287 1257 396 1322 solum
416 1257 589 1322 Pollucem
610 1255 776 1321 dicentem
797 1257 904 1334 faciat,
926 1257 1063 1342 ephetas
1083 1257 1164 1321 olim
1184 1258 1221 1322 in
1242 1258 1388 1339 quinque
1409 1259 1479 1322 illis
1499 1258 1632 1324 iudiciis
1653 1255 1786 1334 sedisse,
1808 1255 1866 1320 sed
1887 1255 1990 1320 ctiam

198 1373 235 1435 in
257 1372 420 1438 Draconis
440 1371 570 1455 legibus
591 1371 789 1454 ophetarum
817 1379 948 1436 tantum
975 1373 1181 1437 mentionem
1208 1374 1292 1452 fieri,
1314 1381 1430 1437 contra
1449 1373 1667 1438 disertissima
1688 1372 1729 1437 de
1749 1371 1917 1454 Areopagi
1937 1371 1990 1434 in·

199 1487 372 1552 stitutione
393 1486 622 1552 vetustissime
636 1493 670 1552 et
683 1487 872 1552 fabularum
893 1493 927 1551 ct
942 1487 1136 1553 Aristotelis
1151 1488 1341 1552 testimonia
1355 1487 1554 1552 contendere
1568 1488 1695 1576 audeat
1738 1486 1870 1567 Quibus
1889 1484 1991 1562 rebus

199 1601 351 1666 omnibus
371 1601 593 1666 demonstrari
613 1609 719 1685 putat,
741 1602 919 1668 consilium
946 1601 1032 1667 illud
1059 1603 1249 1686 principum
1273 1602 1419 1667 Athenis
1439 1602 1517 1668 inde
1538 1603 1580 1668 ab
1601 1603 1842 1686 antiquissimis
1862 1608 1990 1684 tempo-

197 1716 290 1781 ribus
317 1725 351 1782 et
378 1718 415 1782 in
440 1716 611 1800 republica
636 1715 898 1781 administranda
924 1722 958 1781 et
985 1717 1022 1781 in
1043 1717 1143 1781 rebus
1165 1717 1362 1800 capitalibus
1381 1716 1600 1784 diiudicandis
1624 1725 1804 1795 versatum,
1825 1722 1989 1799 quatenus

197 1831 237 1896 de
259 1830 345 1896 cade
373 1831 580 1908 iudicaverit,
608 1852 731 1896 nomen
752 1830 907 1896 habuisse
929 1831 1133 1915 ophetarum,
1155 1831 1242 1914 quod
1262 1853 1384 1897 nomen
1405 1854 1509 1914 quum
1528 1834 1566 1897 in
1586 1835 1750 1898 Draconis
1770 1832 1901 1916 legibus
1921 1829 1990 1894 fress

196 1953 337 2029 quanter
367 1947 543 2030 legeretur,
576 1945 654 2010 iude
681 1947 884 2010 sententiam
917 1931 1086 2012 exstitisse
1117 1947 1205 2031 apud
1238 1948 1411 2014 Pollucem
1439 1957 1615 2033 repertam,
1646 1950 1836 2014 Draconem
1858 1945 1990 2032 collegii

197 2060 393 2143 ophetarum
413 2067 581 2126 auctorem
600 2062 715 2126 fuisse.

293 2176 430 2259 Duplex
457 2176 561 2260 igitur
585 2199 688 2260 quum
714 2179 907 2261 quaestiouis
929 2178 1106 2262 explicatio
1127 2200 1148 2243 a
1167 2179 1333 2244 Muellero
1353 2182 1522 2264 proposita
1543 2182 1595 2260 sit,
1623 2182 1730 2246 altera
1749 2201 1793 2246 ex
1813 2178 1987 2263 ingeniosa

194 2311 306 2354 rerum
334 2293 588 2374 computatione,
614 2293 721 2356 altera
748 2314 767 2357 0
796 2293 930 2358 disertis
959 2293 1156 2376 quibusdam
1177 2295 1379 2360 testimoniis
1400 2304 1541 2378 sumpta,
1562 2295 1729 2381 duplicem
1750 2316 1924 2361 eausamm
1945 2293 1987 2359 ab

194 2426 233 2469 eo
253 2406 459 2489 prolatarum
479 2405 745 2488 disquisitionem
766 2408 838 2472 fors
860 2408 1042 2492 apparebit.
1086 2408 1184 2490 Quod
1205 2409 1406 2476 diiudicandi
1427 2433 1551 2476 munus
1570 2433 1767 2496 aggressus-o
1788 2410 1872 2476 mihi
1892 2411 1987 2474 auxi·

193 2515 279 2584 lium
298 2519 387 2586 haud
409 2521 688 2586 contemnendum
707 2523 834 2604 praebet
854 2523 1106 2602 Schoemannus,
1128 2527 1185 2607 qui
1206 2527 1261 2592 vir
1283 2526 1494 2593 doctissimus
1515 2549 1592 2593 oum
1612 2527 1703 2604 alibi,
1724 2534 1828 2591 totam
1842 2525 1987 2607 antiqui-

194 2643 303 2699 tatum
331 2635 525 2700 Graeoarum
551 2634 762 2720 disciplinam
788 2639 971 2721 amplexus,
998 2640 1110 2705 locum
1136 2639 1177 2704 de
1208 2649 1326 2706 senatu
1353 2642 1586 2727 Areopagitico
1608 2640 1845 2706 illustrandum
1865 2641 1987 2724 attigit,

195 2757 268 2813 tum
289 2745 450 2834 singulari
471 2749 703 2816 dissertatione
727 2753 885 2818 Muellcri
906 2756 1108 2821 sententiam
1129 2763 1200 2822 tam
1219 2756 1341 2822 validis
1360 2760 1567 2841 argumentis
1587 2757 1757 2834 refutavit,
1789 2763 1828 2822 ut
1849 2757 1987 2842 quisque

194 2866 347 2930 veritatis
368 2867 616 2931 amantissimus
637 2867 668 2932 ei
689 2869 845 2933 assentiri
866 2871 970 2948 malit,
994 2892 1092 2955 quam
1113 2873 1286 2939 Muellero.
1329 2873 1417 2937 Nam
1441 2881 1617 2957 postquam
1645 2873 1687 2937 ab
1713 2873 1811 2937 initio
1832 2872 1987 2953 disserta-

196 2981 295 3045 tionis
316 2979 412 3045 modo
445 2989 708 3047 commemoratus
740 2984 826 3049 illud
858 2987 1059 3071 principium
1091 2990 1211 3071 posuit,
1243 2988 1332 3053 undo
1353 2988 1534 3073 disputatio
1556 3010 1693 3073 quaeque
1714 2989 1873 3054 historica
1894 2989 1987 3052 exire

193 3094 325 3160 debeat:
352 3102 429 3159 ants
462 3098 573 3162 omnia
601 3100 800 3182 scriptorum
825 3110 978 3167 veterum
1007 3104 1200 3168 testimonia
1218 3104 1452 3189 perpendenda
1472 3113 1507 3169 et
1527 3104 1753 3189 componenda
1771 3126 1852 3182 esse,
1867 3103 1988 3187 quibus

193 3210 221 3273 si
241 3209 341 3273 fidem
363 3209 485 3275 habero
505 3212 613 3289 liceat,
635 3214 835 3280 coniecturis
855 3218 912 3283 vel
933 3218 1211 3301 ingeniosissimis
1232 3220 1440 3302 supersederi
1465 3242 1570 3305 posse,
1591 3222 1796 3286 Muellerum
1818 3227 1853 3285 et
1873 3225 1989 3283 contra

191 3323 409 3389 disertissima
428 3332 582 3390 veterum
602 3328 794 3393 testimonia
807 3351 967 3413 peccasse,
987 3353 1094 3415 nequo
1116 3334 1236 3417 quibus
1251 3356 1324 3417 quae
1346 3338 1594 3421 excogitaverit,
1609 3338 1690 3403 satis
1711 3338 1988 3401 confirmarentur

189 3445 386 3522 argumenta
417 3441 569 3506 attulisse
598 3440 810 3507 demonstret.
853 3445 941 3509 Nam
967 3447 1053 3529 quod
1080 3448 1169 3514 dicat
1196 3450 1391 3528 Muellerus,
1420 3453 1609 3518 Draconem
1636 3453 1832 3537 ophetarum
1852 3449 1985 3533 collegii

187 3562 356 3619 auctorem
388 3564 563 3639 propterea
592 3556 707 3622 haberi
736 3579 803 3622 000
825 3580 930 3643 posse,
952 3564 1109 3644 quoniam
1131 3566 1159 3629 01
1181 3566 1248 3631 talo
1270 3566 1449 3651 collegium
1471 3569 1682 3646 instituisset,
1705 3566 1897 3652 reipublicae
1918 3565 1984 3629 for-

189 3689 278 3757 marn
307 3678 452 3735 mutasse
480 3670 667 3737 videretur:
688 3672 722 3737 id
740 3674 851 3739 levius
872 3696 944 3741 0000
965 3689 1210 3762 argumentum,
1232 3703 1335 3764 quum
1358 3684 1415 3765 qui
1436 3704 1544 3767 neque
1565 3686 1821 3769 magistratuum
1840 3681 1985 3765 descrip-

192 3782 326 3859 tionem,
348 3805 454 3866 neque
477 3785 632 3852 ordinum
653 3790 727 3854 iura
748 3797 783 3854 et
805 3812 972 3857 summum
991 3793 1029 3857 in
1050 3796 1221 3878 republica
1240 3798 1427 3882 imperium,
1448 3821 1557 3883 neque
1571 3802 1673 3864 finem
1693 3799 1859 3864 societatis
1874 3797 1984 3863 civilis

190 3896 295 3959 alium
318 3897 432 3963 fecerit
458 3908 556 3982 atque
583 3911 681 3968 antea
711 3906 822 3983 fucrit,
851 3904 905 3972 hic
934 3908 969 3971 in
996 3909 1157 3975 eiusmodi
1179 3913 1313 3994 quidem
1334 3916 1405 3980 loco
1426 3923 1516 3979 recte
1538 3915 1603 3980 diei
1623 3914 1771 3998 potuerit
1790 3913 1982 3997 reipublice

188 4011 329 4076 formam
352 4012 459 4095 qualis
480 4016 589 4093 fucrit,
611 4019 793 4102 reliquisse.
811 4022 945 4086 Falsum
966 4044 1037 4089 esse
1058 4025 1217 4091 Muellcri
1232 4031 1434 4095 sententiam
1453 4039 1615 4115 praetcrea
1636 4031 1749 4113 elego
1771 4028 1911 4113 quadam
1925 4050 1983 4094 ve-

189 4133 280 4191 tusta
301 4148 320 4191 a
342 4126 465 4193 Solone
488 4129 644 4196 archonte
659 4134 728 4199 luta
741 4122 908 4219 apparere,
921 4160 985 4220 qua
1000 4140 1065 4205 tria
1079 4142 1219 4227 collegia
1239 4142 1374 4210 Solonis
1387 4146 1519 4229 legibus
1540 4146 1728 4228 antiquiora
1748 4144 1871 4210 diserte
1892 4145 1983 4209 inter
2041 4142 2045 4150 ’

189 4262 260 4306 0000
275 4241 533 4328 distinguuntur.
546 4245 663 4329 Neque
680 4250 792 4315 minus
806 4252 842 4315 in
857 4252 962 4317 altera
976 4258 1168 4337 quaestionis
1182 4233 1275 4341 parte
1292 4258 1534 4327 Schoemannus
1547 4260 1732 4327 audiendus
1746 4281 1818 4325 esse
1838 4259 1981 4326 videtur.

189 4355 302 4437 Quum
324 4360 414 4423 enim
435 4380 543 4443 neque
566 4362 698 4429 Polluci
718 4386 826 4449 neque
848 4368 1030 4435 Plutarcho
1051 4371 1151 4438 fidem
1178 4375 1401 4461 abrogandam
1427 4398 1499 4441 esse
1520 4385 1658 4455 constet,
1679 4384 1812 4442 tantum
1829 4375 1924 4440 abest
1944 4383 1983 4440 ut

189 4470 327 4537 alterius
354 4475 525 4559 scriptoris
552 4481 754 4545 senteutiam
772 4482 809 4547 in
830 4484 969 4551 alterius
990 4488 1131 4570 gratiam
1152 4490 1290 4568 reiiciat,
1312 4491 1399 4574 quod
1421 4493 1502 4575 quin
1522 4492 1688 4558 Muclloro
1708 4492 1793 4559 vitio
1811 4498 1982 4558 vertamus

189 4584 296 4650 facere
329 4607 398 4652 000
429 4612 618 4673 possumus:
651 4604 690 4661 ut
720 4598 895 4681 utriusque
927 4610 1124 4684 argumente
1143 4606 1216 4689 puri
1237 4606 1302 4671 fido
1322 4607 1423 4692 digna
1443 4629 1509 4690 qua
1528 4608 1603 4674 fieri
1624 4608 1737 4673 deceat
1752 4629 1833 4673 sana
1852 4608 1981 4672 ratione

187 4700 278 4765 inter
299 4722 333 4767 00
355 4705 560 4772 concilianda
579 4730 651 4775 esse
672 4720 813 4778 moneat.
849 4712 924 4794 Qus
944 4717 1000 4781 via
1020 4718 1048 4782 si
1071 4720 1150 4802 quid
1171 4721 1269 4787 video
1289 4724 1565 4806 praestantissima
1583 4724 1677 4799 inita,
1691 4744 1762 4788 non
1775 4721 1981 4805 solumque

184 4830 236 4879 est
261 4815 436 4883 Plutarchi
464 4825 639 4901 sententia,
660 4826 880 4913 Areopagitas
908 4842 986 4897 ante
1014 4832 1172 4899 Solonem
1200 4836 1243 4900 ab
1271 4838 1401 4922 ephetis
1430 4837 1712 4917 diversosfuisse,
1734 4838 1923 4916 sedetiam,
1945 4838 1981 4902 id

182 4930 268 5011 quod
289 4932 414 4998 Pollux
437 4937 563 5015 statuit,
585 4938 621 5001 in
642 4942 787 5025 quinque
807 4945 939 5012 iudiciis
961 4946 1076 5015 codem
1090 4956 1240 5033 tempore
1254 4952 1391 5036 ephotas
1412 4954 1536 5019 sedisse
1551 4954 1731 5037 apparebit.
1775 4952 1873 5034 Quod
1888 4952 1979 5017 enim
