4750 5900
1266 189 1309 254 S

392 391 530 461 constet,
552 385 618 450 iam
640 382 780 450 Homeri
801 384 1006 467 temporibus
1028 406 1140 470 regom
1160 389 1203 450 no
1222 386 1263 452 de
1278 387 1387 452 causis
1400 387 1541 452 minoris
1555 386 1717 452 momenti
1730 385 1863 469 quidem
1886 383 1995 451 solnm
2015 384 2192 461 iudicasse,

394 499 452 565 scd
470 521 600 583 semper
622 520 697 564 cum
718 499 935 565 nobilissimis
956 501 1147 584 reipublicae
1169 503 1253 568 viris
1284 502 1406 568 iudicio
1439 501 1619 586 praefuisse.
1664 501 1748 582 Qum
1779 523 1855 567 eum
1883 502 1931 569 ita
1951 502 2031 577 sint,
2050 499 2192 583 colligit,

393 615 530 699 ephetas
550 615 733 700 appellatos
754 635 825 680 esse
844 616 921 681 illos
942 616 1077 696 iudices,
1099 617 1187 700 quod
1208 619 1469 701 quotiescunque
1490 640 1552 684 rex
1578 616 1835 702 disceptationes
1855 625 1933 682 ante
1954 616 2115 682 iudicium
2135 616 2192 680 in-

394 729 579 796 stituendas
599 731 642 796 ad
662 732 765 796 finem
784 729 1005 815 perduxisset,
1025 732 1067 798 ab
1087 733 1130 798 iis
1151 734 1263 818 ipsum
1283 733 1444 800 iudicium
1464 732 1675 799 tractandum
1696 733 1806 800 Draco
1826 733 1995 800 curaverit
2015 753 2054 797 eo
2083 731 2193 796 effici-

393 869 462 926 ens,
484 855 523 912 ut
543 867 621 912 reus
642 846 684 912 ad
705 846 851 933 ephetas,
873 848 931 931 qui
952 869 1084 913 causam
1104 848 1315 914 iudicandam
1332 856 1523 927 tractarent,
1544 850 1744 926 mitteretur,
1765 857 1806 914 ut
1826 849 1993 914 sententia
2011 848 2109 932 regis,
2132 849 2192 930 qui

394 971 574 1048 cognosset,
595 963 636 1027 ad
658 961 745 1046 quod
765 961 926 1028 iudicium
944 984 1042 1028 oense
1062 965 1256 1047 pertineret,
1278 965 1320 1029 ab
1341 965 1472 1049 ephetis
1491 972 1551 1031 aut
1571 965 1776 1049 probaretur,
1798 973 1857 1029 aut
1876 965 2079 1030 reiiceretur.
2104 962 2192 1044 Qua

393 1080 571 1163 explicatio
593 1079 717 1145 Hernii
738 1100 776 1144 eo
797 1079 903 1164 magis
924 1079 1008 1144 mihi
1029 1080 1161 1159 arridet,
1183 1102 1248 1163 quo
1279 1082 1467 1147 accuratius
1496 1082 1598 1159 notio,
1620 1100 1720 1164 qoam
1740 1081 1905 1150 adiectivo
1928 1080 2063 1166 ἑφέσιρος
2081 1080 2194 1144 inesse

394 1194 637 1261 Schoemannus
657 1201 727 1260 tam
748 1194 890 1260 dilucide
912 1195 1026 1278 (Proc.
1048 1196 1119 1261 Att.
1142 1197 1223 1279 776)
1244 1199 1409 1281 exposuit,
1430 1198 1468 1262 in
1488 1217 1528 1262 ea
1548 1196 1803 1262 observatur.—

492 1311 525 1376 N
526 1312 636 1376 omine
658 1311 853 1397 ophetarum
875 1312 1039 1395 explicato
1073 1312 1114 1376 ad
1135 1315 1300 1378 rationem
1321 1313 1530 1398 singulorum
1549 1312 1768 1378 tribunalium
1789 1311 2012 1379 definiendam
2034 1331 2095 1375 nos
2112 1330 2192 1374 con·

392 1435 571 1504 vertamus,
592 1429 630 1492 in
652 1426 772 1509 quibus
794 1426 930 1510 ephetas
952 1449 1082 1512 semper
1109 1428 1271 1495 iudicasse
1292 1449 1360 1494 una
1381 1431 1532 1494 emnium
1554 1429 1625 1494 fere
1647 1435 1682 1493 et
1703 1429 1915 1493 consentiens
1929 1436 2103 1493 auctarum
2123 1446 2194 1491 vox

393 1543 546 1607 affirmat.
588 1544 641 1608 Ac
671 1544 817 1626 primum
848 1543 982 1626 quidem
1013 1545 1054 1611 ad
1086 1545 1277 1611 Palladium
1309 1545 1446 1628 ephetas
1467 1545 1591 1610 sedisse
1612 1544 1832 1627 Harpocratio
1854 1553 1889 1610 ot
1910 1543 2032 1609 suidas
2052 1542 2190 1606 demon-

394 1665 502 1724 strant
523 1657 583 1740 (ef.
604 1658 763 1742 Harpoer.
785 1659 831 1723 ἐπὶ
847 1657 1020 1748 Παλλαδίῳ·
1034 1661 1225 1747 Δημοσθένης
1244 1663 1274 1726 ἐν
1287 1669 1330 1750 τῷ
1364 1663 1432 1725 κατ’
1444 1659 1687 1747 Ἀριστοκράτους
1701 1659 1880 1746 δικαστήριόν
1895 1661 1968 1726 ἐστιν
1990 1660 2069 1722 ούτω
2090 1658 2194 1722 καλού-

394 1798 488 1858 μενον,
509 1778 550 1845 ὡς
583 1776 631 1838 καὶ
660 1774 865 1860 Ἀριστοτέλης
898 1776 927 1839 ἐν
959 1775 1128 1862 Ἀθηναίων
1159 1781 1298 1864 πολιτεία,
1320 1759 1398 1864 aql
1429 1779 1592 1850 δικάζουσιν
1613 1777 1751 1842 ἀκουσίου
1772 1776 1864 1862 φύνου
1885 1777 1934 1842 καὶ
1961 1775 2142 1860 βουλεύσεως
2163 1774 2192 1834 οἱ

392 1893 517 1977 ἐφέται),
539 1892 596 1975 qui
617 1892 781 1975 originem
800 1893 893 1958 illius
915 1893 1094 1959 tribunalis
1114 1894 1155 1960 ab
1179 1917 1219 1960 eo
1248 1894 1371 1961 iudicio
1402 1893 1619 1979 repetendam
1650 1914 1722 1957 csse
1745 1894 1873 1969 volunt,
1896 1893 1933 1956 in
1954 1889 2042 1974 quod
2064 1889 2194 1952 Demo-

392 2009 503 2092 phoon
524 2007 623 2073 caedis
653 2007 800 2072 fortuitae
833 2027 911 2074 reus
942 2009 1045 2075 fuerit
1072 2011 1268 2094 postulatus.
1311 2011 1360 2078 Ut
1381 2018 1494 2074 tamen
1515 2009 1741 2093 questionem,
1763 2019 1879 2074 utrum
1898 2007 1962 2072 hoc
1983 2005 2133 2071 tribunal
2155 2026 2192 2068 rc

393 2145 474 2189 vera
496 2125 563 2188 iam
584 2123 655 2188 illis
676 2123 881 2206 temporibus
912 2125 1090 2204 exstiterit,
1113 2149 1173 2192 nec
1195 2150 1248 2207 nc,
1281 2128 1484 2202 omit-tamus,
1517 2123 1551 2189 id
1573 2124 1706 2207 quidem
1727 2126 1816 2189 inter
1835 2144 1951 2188 omncs
1974 2129 2113 2197 constat,
2136 2121 2193 2203 qui

393 2239 433 2304 de
455 2239 516 2305 hae
538 2261 575 2305 re
598 2241 767 2304 memoriae
798 2238 1024 2323 prodiderunt,
1057 2242 1195 2326 ephetas
1214 2242 1257 2308 ad
1277 2243 1468 2308 Palladium
1493 2239 1533 2306 de
1555 2239 1643 2306 caede
1663 2240 1853 2306 inconsulto
1875 2239 1970 2316 facta,
1992 2237 2033 2302 de
2056 2236 2194 2301 homici-

392 2355 447 2421 dio
482 2356 734 2438 inquilinorum,
766 2356 1028 2441 peregrinorum,
1061 2379 1235 2425 servorum
1266 2358 1437 2436 iudicasse,
1470 2378 1535 2440 quo
1567 2355 1701 2433 accedit,
1734 2355 1822 2438 quod
1853 2354 1941 2439 apud
1962 2353 2194 2437 grammaticos

394 2471 552 2554 quosdam
572 2471 766 2554 reperimus,
789 2470 830 2536 do
853 2472 1029 2556 βουλιύσιως
1049 2474 1189 2541 erimine
1211 2473 1337 2538 ibidem
1356 2474 1480 2539 iudicia
1500 2473 1615 2538 habita
1635 2494 1716 2538 esse.
1759 2473 1813 2536 De
1835 2492 1900 2554 quo
1927 2470 2067 2536 crimine
2090 2489 2194 2551 quum

394 2597 464 2652 tam
486 2586 634 2652 diversas
667 2587 850 2652 sententias
883 2597 1016 2654 exortas
1048 2610 1119 2654 esse
1151 2591 1334 2668 videamus,
1365 2591 1477 2674 paullo
1498 2590 1684 2654 accuratius
1705 2587 1942 2671 disputandum
1964 2586 2037 2650 erit.
2080 2587 2193 2665 Atque

394 2703 619 2788 grammaticis
641 2701 775 2784 quidem
796 2703 985 2769 auctoribus
1007 2707 1188 2790 βουλεύσεως
1209 2707 1335 2771 crimen
1358 2715 1505 2782 vocatur,
1527 2705 1556 2770 si
1578 2705 1652 2786 quis
1673 2702 1804 2769 insidiis
1824 2713 1883 2769 aut
1912 2703 1987 2768 dolo
2008 2701 2108 2766 alicui
2137 2720 2195 2764 nc-

394 2841 466 2884 cem
488 2818 627 2901 paravit,
649 2819 720 2884 sive
741 2819 779 2896 is,
801 2820 855 2884 cui
876 2819 1006 2885 insidiae
1027 2829 1150 2905 parata
1169 2831 1260 2900 saint,
1282 2823 1371 2888 diem
1393 2842 1586 2907 supremum
1616 2820 1709 2898 obiit,
1742 2821 1813 2886 sivo
1834 2820 1935 2886 vivus
1956 2818 2119 2882 remansit
2138 2817 2194 2893 (cf.

395 2935 555 3019 Ilarpocr.
593 2934 660 2999 ὅταν
691 2936 720 3007 ἐξ
750 2935 906 3022 ἐπιβουλῆς
934 2937 977 3007 τίς
1007 2962 1058 3002 τινι
1079 2941 1282 3023 κατασκευάσῃ
1304 2941 1439 3016 θάνατον,
1461 2939 1511 3003 ἐάν
1531 2962 1563 3002 τε
1584 2938 1719 3021 άποδάνρ
1742 2939 1758 3003 ὁ
1779 2936 1994 3023 ἐπιβουλευθεὶς
2014 2935 2064 2999 ἐάν
2086 2958 2117 2997 τε
2145 2933 2193 3016 μή.

395 3053 460 3116 Est
482 3053 586 3135 igitur
617 3051 717 3116 huius
739 3052 888 3117 criminis
919 3056 1099 3137 proprium,
1122 3056 1157 3120 in
1194 3058 1244 3121 rei
1265 3058 1376 3120 animo
1407 3057 1511 3121 fuisso
1543 3075 1659 3119 necem
1679 3054 1779 3118 alieni
1806 3073 1932 3136 parare,
1953 3060 2096 3115 mortem
2115 3069 2195 3113 vero

395 3190 501 3251 noque
526 3169 647 3245 statim,
670 3190 778 3251 neque
798 3170 927 3235 ratione
957 3180 1072 3254 aperta
1093 3172 1303 3237 subsecutum
1334 3194 1415 3250 csse,
1436 3173 1485 3236 ita
1505 3180 1544 3236 ut
1575 3192 1653 3243 rcus
1673 3191 1694 3234 a
1714 3169 1861 3235 necando
1883 3188 2002 3232 manus
2022 3166 2193 3230 abstinens

395 3284 590 3349 interfector
609 3282 674 3348 dici
695 3305 764 3348 non
784 3295 904 3368 posset,
926 3286 960 3351 id
983 3287 1069 3370 quod
1090 3288 1150 3353 hoc
1172 3290 1300 3355 crimen
1325 3310 1345 3352 a
1367 3293 1493 3373 γραφαῖς
1514 3286 1605 3373 φύνου
1620 3288 1667 3349 καὶ
1685 3286 1848 3371 τραύματος
1861 3286 1893 3349 ἐκ
1906 3284 2041 3369 προνοίας
2054 3277 2195 3345 dilucide

401 3400 589 3482 distinguit,
612 3420 810 3483 quamquam
831 3400 969 3467 dubium
991 3403 1096 3469 videri
1119 3414 1319 3488 potest,num
1340 3426 1470 3488 quoquo
1490 3404 1627 3467 notione
1649 3403 1830 3487 βουλεύσεως
1844 3397 2150 3482 comprehendatur,
2166 3397 2192 3458 si

399 3516 474 3595 qnis
496 3535 611 3578 necem
633 3515 732 3580 alicui
751 3523 927 3598 paraturus
948 3520 1076 3584 actione
1098 3542 1158 3585 sua
1178 3522 1213 3587 id
1235 3523 1412 3588 eonsilium
1432 3540 1500 3603 prta
1522 3540 1557 3583 so
1578 3517 1704 3594 tulerit,
1726 3516 1783 3581 scd
1805 3538 1841 3580 ro
1862 3516 1974 3598 aliqua
1998 3514 2084 3578 forto
2105 3533 2193 3577 aeeo-

396 3631 505 3707 dcntc,
531 3632 707 3712 quominus
729 3632 905 3697 eonsilium
927 3646 1108 3719 perageret,
1131 3638 1312 3723 impeditus
1333 3636 1628 3701 sit-Hcfftcrum
1648 3634 1683 3697 iu
1707 3633 1889 3719 βουλεύσεως
1909 3631 2048 3695 erimine
2078 3628 2195 3693 defini-

404 3746 489 3809 endo
522 3767 657 3823 errasse,
691 3768 793 3829 quum
826 3748 910 3832 legis
941 3751 1044 3816 verba
1075 3754 1196 3827 δικάζειν
1227 3755 1280 3838 τήν
1312 3754 1420 3839 βουλὴν
1440 3750 1492 3833 τὴν
1514 3751 1544 3813 ἐν
1563 3748 1673 3834 Ἀρείῳ
1694 3750 1781 3834 πάγιρ
1803 3747 1894 3833 φύνου
1915 3749 1963 3811 καὶ
1983 3746 2144 3831 τραύματος
2163 3744 2194 3805 ἐκ

394 3863 529 3946 προνοίας
549 3863 596 3926 καλ
617 3868 759 3948 πυρκαϊᾶς
778 3864 826 3927 καὶ
847 3867 1008 3949 φαρμάκων
1029 3868 1080 3931 ἐάν
1101 3892 1143 3939 τις
1164 3869 1313 3952 ἀποκτείνῃ
1336 3868 1405 3937 δούς
1425 3866 1467 3931 ad
1489 3867 1636 3952 βούλευσιν
1651 3864 1814 3941 retulerit,
1829 3862 2013 3927 rectissimo
2034 3882 2055 3925 a
2068 3858 2193 3923 Forch-

399 3978 569 4043 hummaro
593 3978 646 4058 (de
669 3980 789 4063 Areop.
811 3979 873 4061 29)
892 3981 1104 4051 observatum
1126 4006 1207 4063 esso,
1229 3986 1310 4050 satis
1325 3992 1463 4060 constat,
1485 3982 1592 4065 noque
1614 4002 1690 4046 cum
1709 3981 1753 4045 iis
1773 3980 1940 4055 faciemus,
1962 3977 2020 4060 qui
2042 3975 2194 4059 quaestio-

398 4118 483 4172 ιιοιιι,
504 4102 618 4158 utrum
638 4094 827 4159 huiusmodi
849 4117 955 4162 causae
977 4097 1017 4163 ad
1039 4099 1237 4179 Palladium,
1269 4122 1313 4165 an
1334 4099 1376 4165 ab
1408 4098 1621 4182 Areopagitis
1649 4096 1801 4162 iudicatae
1824 4096 1901 4172 siut,
1922 4094 1970 4158 ita
1990 4093 2120 4158 solvere
2143 4110 2193 4154 eo-

397 4211 469 4274 nati
492 4217 579 4286 sunt,
602 4217 641 4274 ut
672 4218 847 4292 utramque
879 4215 1081 4279 sententiam
1111 4216 1201 4281 inter
1232 4238 1267 4281 sc
1290 4216 1515 4282 conciliarent.
1542 4213 1694 4294 Quorum
1719 4212 1757 4277 in
1778 4232 1917 4277 numere
1938 4207 2121 4274 Boeckhins
2141 4206 2195 4270 vir

397 4322 608 4391 doctissimus
630 4334 793 4403 versatur,
816 4328 949 4407 cui'(cf.
973 4329 1039 4394 ind.
1060 4331 1149 4396 lectt.
1173 4354 1251 4397 scm.
1273 4332 1401 4398 hibern.
1425 4332 1525 4414 1826)
1539 4330 1580 4396 ad
1595 4328 1785 4396 Palladium
1800 4327 1840 4391 de
1856 4326 2036 4412 βουλεύσεως
2057 4323 2194 4388 crimino

398 4441 582 4506 iudicatum
603 4462 674 4507 esse
696 4440 838 4522 videtur,
861 4446 992 4526 quando
1013 4468 1103 4513 mors
1135 4470 1202 4513 nen
1235 4447 1411 4514 subsecuta
1432 4457 1528 4526 esset,
1550 4457 1666 4513 eontra
1685 4443 1727 4508 ab
1748 4444 1932 4525 Areopago,
1954 4449 2061 4504 morte
2082 4437 2193 4503 subsc·

398 4566 482 4621 enta
527 4556 653 4623 Contra
684 4581 783 4640 quein
815 4560 1117 4629 Forehhannnerus
1148 4566 1294 4647 primum
1325 4586 1491 4648 exponere
1522 4562 1643 4638 studet,
1669 4560 1975 4643 Harpocrationem,
1996 4558 2117 4639 quippe
2140 4555 2194 4635 qui

400 4672 581 4737 seeundum
604 4672 727 4739 Isaeum
759 4688 794 4740 ct
815 4677 1033 4743 Aristotelem
1054 4679 1095 4743 ad
1117 4680 1316 4759 Palladium,
1349 4681 1530 4746 secundum
1551 4677 1760 4744 Dinarchum
1786 4674 1828 4739 ab
1848 4674 2060 4758 Areopagitis
2081 4670 2194 4735 huius-

400 4788 489 4851 modi
511 4810 625 4855 causas
646 4790 806 4856 iudicatas
838 4814 909 4859 esse
941 4790 1037 4872 dieat,
1060 4795 1199 4861 fortasse
1231 4798 1267 4861 in
1300 4818 1447 4863 errorem
1477 4796 1614 4861 ductum
1635 4815 1707 4858 esec
1731 4790 1892 4857 Dinarchi
1914 4790 2062 4855 oratione
2084 4794 2196 4851 eontra

402 4904 554 4981 Pistiunq
575 4907 812 4993 Areopagitam
833 4908 940 4986 illum,
973 4911 1030 4991 qui
1052 4910 1261 4977 Dinarchum
1282 4911 1481 4997 proditionis
1512 4912 1704 4976 damnatum
1738 4917 1844 5007 morte
1866 4908 1997 4973 asfieerc
2020 4901 2199 4972 studuerat,
