4750 5900
1043 221 1110 284 15

173 421 255 488 lieet
276 422 333 505 qui
354 421 538 499 interemit,
559 419 704 489 συνέστιός
725 441 770 482 σοι
790 417 838 482 καὶ
860 418 1057 502 ὁμοτράπεζος
1077 417 1286 484 sit.“-Non
1307 425 1457 486 coactum
1470 419 1546 506 lege
1566 419 1670 486 fuisse
1690 417 1974 504 Duthyphronem

175 538 218 604 ad
238 538 480 606 accusationem
500 539 607 621 patris
627 533 868 602 instituendam
889 534 993 600 verba
1013 533 1207 600 ostendunt:
1228 540 1319 600 ταῦτα
1339 536 1377 620 δή
1401 535 1451 600 οῦν
1472 539 1520 602 καὶ
1541 537 1698 619 ἀγανακτεῖ
1710 535 1758 600 ὅτε
1773 535 1974 621 arripuerint

177 655 262 720 ἀλλον
283 655 383 720 οἰκεῖοι
403 654 446 718 ότι
466 656 525 737 ἐγὼ
547 655 618 740 ὑπὲρ
638 657 690 717 τοῦ
712 649 892 736 ἀνδροφόνου
923 655 966 738 τῷ
996 653 1080 736 πατρὶ
1112 650 1205 736 φόνου
1235 652 1426 738 ἐπεξέρχομαι
1445 659 1481 716 et
1501 651 1614 735 paullo
1634 659 1723 735 post:
1748 651 1814 736 ἐμοὶ
1827 653 1868 715 ,δὲ
1886 655 1974 736 χαλε·

176 771 330 848 παίνουσιν,
353 771 396 835 ότι
416 775 457 857 τῷ
478 773 562 856 πατρὶ
583 768 773 853 ἐπεξέρχομαι
794 767 935 831 ἀδικοῦντι
955 768 1003 832 καὶ
1025 768 1119 836 οῦτιυς
1140 768 1222 831 αὐτοὶ
1244 768 1344 836 αὑτοῖς
1363 769 1400 830 τά
1420 768 1533 831 ἐναντία
1553 767 1669 850 λέγουσι
1689 768 1755 852 περί
1772 791 1804 831 τε
1824 772 1881 831 τῶν
1896 768 1974 831 δυῶν
2006 817 2009 822 .

176 887 223 950 καὶ
252 889 316 972 περὶ
347 888 429 970 ἐμοῦ.
473 888 560 952 Nam
588 905 661 950 rem
691 884 787 966 quasi
818 889 940 966 praeter
969 882 1243 948 consuetudinem
1264 883 1427 967 agendam
1447 883 1616 967 adspicere
1636 903 1706 947 non
1725 884 1923 966 potuissent,
1945 884 1974 947 si

176 1001 378 1086 Euthyphro
399 1002 473 1086 lege
485 1009 618 1068 coactus
639 1001 765 1065 fuisset.
790 997 921 1064 Deinde
942 999 1032 1063 idem
1053 999 1122 1063 fere
1147 999 1299 1064 efficiunt
1318 999 1430 1077 verba,
1451 1020 1525 1082 quae
1545 998 1748 1083 Euthyphro
1770 997 1901 1064 Socrati
1921 1020 1974 1062 re-

176 1116 325 1200 spondet,
347 1118 460 1182 ἀνόσιον
481 1119 535 1204 γὰρ
556 1117 630 1182 εἶναι
649 1117 682 1180 τδ
705 1117 765 1179 υίδν
786 1117 871 1200 πατρὶ
892 1115 983 1201 φόνου
1015 1115 1161 1194 ἐπεξιέναι,
1193 1121 1290 1184 κακῶς
1310 1114 1418 1184 εἰδότες
1437 1117 1470 1178 rb
1492 1115 1568 1179 θεῶν
1592 1118 1633 1183 ώς
1653 1111 1715 1198 ἔχει
1735 1118 1787 1177 τοῦ
1809 1115 1890 1178 ὁσίου
1911 1116 1974 1199 πέρι

175 1235 222 1296 καὶ
243 1237 295 1296 τοῦ
310 1233 437 1310 ἀνοσίου,
459 1232 612 1316 equibus
627 1232 857 1315 intelligimus,
877 1231 1159 1316 Euthyphronem
1179 1230 1222 1295 ad
1241 1233 1485 1296 accusationem
1506 1230 1636 1315 impelli
1650 1232 1744 1313 quasi
1763 1229 1878 1294 divino
1893 1251 1973 1312 quo-

177 1350 253 1414 dem
275 1351 412 1434 impetu,
433 1350 644 1414 conscientia·
667 1369 735 1414 sum
756 1349 827 1412 vim
849 1355 1051 1431 sequentem,
1074 1369 1142 1411 non
1162 1349 1237 1431 lege
1259 1358 1415 1412 eoactum.

277 1465 374 1547 Quod
394 1487 474 1531 vero
496 1465 537 1529 ad
557 1465 666 1548 legem
688 1464 782 1527 illam
804 1465 927 1528 attinet
947 1462 1035 1546 apud
1056 1463 1320 1528 Demosthenem
1343 1467 1445 1546 (orat.
1466 1465 1504 1528 in
1517 1463 1654 1528 Maeart
1673 1462 1776 1544 1069)
1791 1462 1972 1537 recitatam,

177 1585 213 1646 in
235 1603 299 1664 qua
318 1603 460 1664 quorum
480 1582 634 1664 persequi
656 1587 736 1656 eret,
758 1578 880 1644 diserte
902 1580 1127 1656 nominantur,
1148 1579 1257 1644 multa
1277 1599 1352 1644 eam
1372 1580 1547 1664 complecti
1567 1585 1713 1664 apparet,
1741 1598 1814 1662 quae
1836 1578 1974 1642 obscura

177 1707 211 1762 et
243 1705 397 1782 corrupta
431 1720 502 1764 esse
535 1697 722 1764 videantur.
765 1695 1048 1760 Emendationum
1080 1696 1231 1760 omnium
1262 1696 1406 1760 maxime
1438 1696 1555 1779 placet,
1577 1717 1677 1778 quam
1698 1695 1736 1758 in
1757 1691 1973 1759 Schoemanni

173 1815 288 1896 Antiq.
311 1813 382 1892 288,
404 1813 425 1878 4
456 1815 647 1897 reperimus,
681 1813 752 1878 ubii
773 1813 866 1876 loeus
892 1818 1005 1876 noster
1031 1812 1079 1875 ita
1108 1811 1315 1875 rescribitur:
1341 1816 1484 1896 προειπεῖν
1506 1817 1548 1899 τῷ
1569 1812 1704 1875 κτείναντι
1723 1810 1752 1874 ἐν
1775 1811 1869 1894 ἀγορᾷ
1892 1809 1972 1876 ἐντὸς

176 1928 373 2013 ἀνεψιότητος,
395 1931 556 1992 συνδιώκειν
588 1931 686 1994 δὲκαὶ
717 1929 866 2014 γαμβροὺς
885 1929 934 1990 καὶ
966 1927 1123 2012 πενδεροδς
1154 1928 1202 1990 κοι1
1235 1928 1389 2012 φράτορας,
1409 1927 1528 1993 deletis
1549 1927 1664 1994 verbis
1684 1924 1904 2011 ineptissimis
1925 1924 1975 1986 καί
2010 1946 2013 1953 ’

176 2044 302 2127 ἀνεψιῶν
323 2046 429 2114 παῖδας
449 2046 495 2108 καὶ
518 2045 651 2129 ἀνεψιοὺς
671 2047 719 2108 καὶ
740 2046 921 2130 ἀνεψιαδοῦς,
944 2064 1016 2126 queo
1038 2043 1079 2107 ad
1101 2042 1335 2126 explicandum
1353 2043 1439 2108 illud
1462 2045 1560 2120 ,ἐντός
1575 2042 1778 2128 ἀνεψιότητος“
1795 2049 1920 2106 temere
1936 2043 1973 2106 in

176 2158 262 2242 legis
283 2165 475 2224 contextum
496 2160 589 2224 illata
610 2169 697 2226 sunt.
719 2162 869 2244 Apparet
890 2160 989 2236 enim,
1010 2160 1092 2224 alios
1114 2179 1195 2236 csse,
1217 2158 1274 2242 qui
1306 2165 1466 2244 προειπεῖν,
1480 2160 1572 2238 ahos,
1593 2160 1652 2243 qui
1673 2160 1832 2222 συνδιώκειν
1854 2157 1973 2222 iuben-

176 2283 241 2350 tur,
256 2293 363 2357 neque
377 2275 480 2358 igitur
493 2298 668 2360 possumus
690 2277 810 2360 ἀνεψιοὶ,
826 2278 985 2361 ἀνεψιαδοῖ,
1007 2277 1131 2360 ἀνεψιῶν
1153 2278 1262 2354 παῖδες,
1284 2277 1341 2359 qui
1362 2297 1466 2358 quum
1485 2276 1565 2344 ἐντὸς
1593 2274 1778 2360 ἀνεψιότητος
1806 2274 1883 2352 sint,
1904 2297 1971 2358 προ·

173 2393 260 2452 ειπεῖν
280 2389 447 2468 iubentur,
478 2413 594 2456 rursus
616 2394 718 2456 etiam
750 2413 825 2456 eum
853 2393 1001 2477 γαμβροῖς,
1023 2393 1182 2476 πενθεροῖς,
1202 2395 1341 2477 φράτορα
1362 2394 1522 2455 συνδιώκειν
1544 2391 1661 2468 iuberi,
1690 2398 1729 2454 ut
1750 2398 1877 2454 taeeam
1895 2411 1971 2472 per-

172 2525 309 2570 versum
328 2505 471 2572 istorum
492 2507 670 2572 verborum
693 2507 843 2572 ordinem
865 2515 899 2572 et
920 2509 1043 2593 ἀνεψιῶν
1066 2510 1171 2577 παῖδας
1192 2509 1321 2573 additos
1342 2508 1516 2592 ἀνεψιαδοῖς,
1537 2528 1641 2589 quum
1662 2514 1802 2589 utraque
1824 2505 1970 2588 appella-

174 2621 264 2684 tione
283 2621 385 2686 iidcm
407 2621 882 2706 significentur-Sententia
903 2645 992 2702 rere,
1014 2645 1112 2707 quam
1134 2625 1290 2689 nonnulli
1312 2625 1534 2708 protulerunt,
1555 2625 1664 2708 legem
1685 2623 1722 2686 in
1734 2621 1973 2685 Demosthenis

176 2737 322 2801 oratione
347 2745 387 2801 ct
413 2739 551 2803 Macart.
585 2740 667 2804 1669
700 2738 868 2803 laudatam
904 2739 1043 2818 eandem
1064 2741 1133 2804 fere
1156 2761 1237 2820 cese,
1259 2763 1358 2824 quam
1379 2742 1416 2805 in
1438 2742 1585 2806 oratione
1607 2747 1648 2804 et.
1669 2739 1792 2821 Euerg.
1817 2737 1896 2800 1161
1918 2759 1971 2800 re-

174 2851 335 2936 perimus:
370 2856 480 2918 κελεόει
511 2855 566 2940 γάρ
599 2857 614 2919 ό
646 2854 744 2939 νόμος,
776 2856 845 2925 τοῦς
877 2858 1073 2941 προσήκοντας
1092 2857 1228 2927 ἐπεξιέναι
1249 2857 1349 2942 μέχρις
1370 2859 1531 2942 ἀνεψιαδῶν
1553 2865 1613 2921 etc.
1635 2854 1723 2920 haud
1744 2852 1973 2936 improbabilis

173 2968 307 3035 videtur
327 2992 406 3035 esse.
444 2970 576 3037 Scimus
598 2974 690 3038 enim
712 2972 773 3055 (cf.
797 2971 939 3039 Sehoem.
961 2972 1003 3038 ad
1024 2973 1107 3038 Isac.
1129 2973 1221 3055 455),
1241 2976 1279 3037 in
1300 2976 1407 3038 causis
1428 2973 1639 3039 hereditariis
1660 2972 1701 3037 ad
1732 2970 1972 3037 successionem

172 3087 284 3150 vocari
304 3087 452 3169 primum
473 3088 593 3154 fratres
614 3111 791 3173 germanos
821 3110 999 3172 eorumque
1032 3089 1165 3166 liberos,
1205 3089 1324 3154 deinde
1346 3111 1475 3155 sorores
1495 3110 1670 3174 germanas
1691 3106 1869 3168 carumque
1891 3087 1973 3149 item

171 3198 303 3279 liberos,
324 3204 423 3267 tertio
456 3205 528 3269 loeo
561 3206 730 3289 patrueles
763 3214 798 3270 et
818 3206 975 3269 amitinos
1006 3206 1181 3291 (ἀνεψιοός)
1204 3227 1384 3288 eorumque
1404 3205 1542 3271 liberos:
1565 3227 1608 3270 ex
1629 3205 1683 3269 his
1703 3205 1731 3269 si
1753 3224 1851 3267 nemo
1875 3213 1972 3274 esset,

173 3328 246 3381 tum
267 3316 400 3383 demum
421 3322 542 3398 vocari,
565 3322 621 3403 qui
641 3344 660 3385 ο
682 3328 787 3385 matre
809 3321 941 3404 cognati
960 3329 1081 3384 essent.
1125 3322 1210 3403 Quae
1232 3323 1289 3386 lex
1310 3321 1444 3387 Solonis
1464 3322 1589 3407 legitur
1607 3320 1695 3403 apud
1709 3317 1971 3385 Demosthenem

172 3434 237 3513 (or.
258 3440 298 3497 et.
318 3434 455 3500 Maeart.
480 3438 593 3519 leeth
616 3438 666 3501 ἐάν
700 3439 730 3500 δὲ
753 3438 793 3521 μὴ
817 3438 870 3499 ώοι
889 3438 961 3521 πρὸς
982 3438 1089 3520 πατρδς
1111 3438 1196 3522 μέχρι
1217 3438 1377 3523 ἀνεψιαδῶν
1405 3438 1514 3501 παιδών
1535 3439 1605 3507 τοὺς
1623 3439 1696 3521 πρδς
1717 3439 1825 3521 μητρδς
1846 3441 1898 3499 τοῦ
1921 3438 1971 3498 ἀν-

171 3548 239 3631 δρδς
259 3550 332 3613 κατὰ
352 3550 444 3615 ταδτά
464 3554 581 3639 κυρίους
602 3553 683 3631 εἶναι,
705 3552 764 3617 ubi
787 3552 1030 3619 Sohoemannus
1049 3552 1241 3618 luculenter
1261 3554 1514 3632 domonstravit,
1536 3554 1640 3619 verba
1661 3554 1745 3640 μέχρι
1759 3556 1884 3639 ἀνεψιῶν
1905 3556 1971 3617 παῖ-

170 3664 228 3726 διυν
249 3664 287 3727 in
307 3665 381 3749 lego
404 3669 526 3751 scripta
547 3670 659 3749 fuisse,
682 3668 900 3734 illudentem
921 3668 1065 3733 alterum
1086 3670 1258 3755 ἀνεψιαδῶν,
1279 3692 1382 3753 quum
1403 3678 1573 3753 tamquam
1587 3692 1813 3756 synonymum
1826 3671 1971 3753 margini

170 3778 372 3861 adscriptum
394 3791 489 3860 essct,
511 3784 727 3852 librariorum
748 3806 859 3850 errore
881 3806 941 3869 pro
964 3786 1087 3871 ἀνεψιῶν
1110 3785 1291 3869 irrepsisse.
1335 3787 1378 3850 In
1400 3788 1461 3851 illa
1482 3786 1588 3871 igitur
1608 3788 1757 3851 oratione
1771 3786 1971 3850 Demosthe-

170 3895 225 3959 nis
246 3897 282 3959 in
304 3894 450 3974 Macart,
473 3919 545 3979 quae
578 3902 748 3967 decausis
779 3901 990 3966 hereditariis
1011 3902 1090 3985 agit,
1111 3903 1383 3987 propinquorum
1404 3902 1483 3968 ordo
1504 3910 1655 3968 accurate
1677 3902 1846 3979 definitur,
1867 3902 1916 3965 ita
1935 3911 1974 3965 ut

171 4012 383 4077 sobrinorum
402 4012 466 4077 filii
487 4014 640 4080 ultimam
661 4038 776 4082 eornm
799 4018 937 4083 classem
959 4018 1126 4101 expleant,
1160 4018 1317 4084 omnibus
1349 4029 1471 4097 autem,
1500 4020 1558 4101 qui
1578 4019 1620 4083 ab
1640 4020 1702 4084 hac
1723 4018 1971 4104 propinquitate

169 4129 303 4212 longios
325 4126 461 4206 distent,
483 4136 554 4193 tum
577 4130 710 4196 demum
733 4131 905 4197 succedere
926 4134 1034 4211 liceat,
1058 4136 1086 4198 si
1107 4134 1197 4200 infra
1217 4134 1315 4200 illum
1337 4134 1487 4200 ordinem
1510 4155 1607 4200 nemo
1630 4137 1782 4219 supersit.
1826 4133 1971 4215 Quibus-

169 4265 245 4309 cum
265 4244 378 4309 rerbis
400 4246 588 4311 consentire
607 4247 766 4313 videntur
796 4268 869 4329 quea
893 4249 1035 4332 legimus
1056 4252 1092 4315 in
1115 4272 1160 4315 or.
1182 4259 1224 4316 et.
1245 4252 1368 4337 Euerg.
1394 4252 1483 4330 1161,
1505 4251 1564 4316 ubi
1585 4250 1733 4332 eiusdem
1748 4252 1874 4317 ordinis
1895 4272 1970 4334 pro-

169 4360 371 4444 pinquorum
393 4369 493 4444 atque
514 4362 552 4427 in
572 4363 632 4427 illa
652 4362 757 4427 altera
778 4365 926 4429 oratione
950 4366 1155 4433 mentionem
1187 4368 1263 4432 fieri
1297 4368 1511 4451 suspicamur.
1555 4368 1629 4433 Iam
1659 4370 1799 4434 veroin
1820 4368 1969 4432 oratione

168 4484 209 4543 et.
231 4476 379 4554 Macart,
410 4484 585 4561 postquam
616 4478 673 4543 lex
694 4479 734 4543 de
767 4480 840 4545 iuro
874 4479 1074 4546 hereditario
1095 4484 1235 4549 recitata
1252 4490 1312 4560 est,
1334 4484 1405 4549 haee
1427 4486 1660 4567 reperiuntur:
1684 4486 1760 4548 ἀλλά
1779 4484 1875 4549 πολλὰ
1895 4486 1970 4548 πάνυ

167 4593 241 4657 ἐστὶν
265 4593 284 4655 ἀ
304 4595 471 4678 προστάττει
490 4600 581 4659 ποιεῖν
602 4600 665 4666 τοῖς
684 4598 858 4683 προςήκουσι
878 4596 925 4659 καὶ
947 4596 1090 4682 πρόφασιν
1113 4599 1247 4683 οὐδεμίαν
1270 4600 1383 4663 διδῶσιν
1410 4601 1479 4664 ἀλλ’
1494 4602 1523 4671 ἐξ
1540 4602 1670 4685 ἀνάγκης
1691 4603 1735 4664 δεῖ
1755 4606 1855 4677 ποιεῖν,
1871 4607 1969 4683 atque

167 4710 257 4773 inter
278 4730 333 4773 eas
353 4710 454 4791 leges,
486 4711 606 4792 quibus
638 4714 705 4778 talo
738 4712 818 4796 quid
850 4714 1047 4797 propinquis
1067 4714 1253 4794 mandatur,
1275 4716 1377 4783 etiam
1397 4716 1457 4781 lex
1478 4718 1544 4780 iam
1568 4737 1668 4800 supra
1686 4722 1751 4793 (or.
1773 4718 1811 4781 in
1831 4716 1968 4780 Macart·

168 4825 270 4907 1669)
292 4832 547 4889 commemorata
567 4829 743 4911 reperitur,
763 4850 828 4911 qua
849 4830 1044 4913 propinquis
1076 4830 1224 4896 officium
1256 4831 1439 4897 homicidas
1460 4832 1636 4897 accusandi
1659 4833 1857 4916 iniungitur,
1880 4831 1967 4895 unde

165 4958 322 5027 apparere
344 4948 509 5029 putamus,
531 4942 649 5007 iisdem
671 4946 828 5028 cognatis,
851 4946 972 5028 quibus
1005 4946 1058 5011 ius
1093 4964 1180 5011 essct
1202 4946 1450 5027 hereditarium,
1472 4956 1641 5030 tunquam
1664 4948 1811 5012 officium
1832 4946 1967 5011 manda-

1727 5064 1759 5116 2*
