4750 5900
1081 211 1122 278 9

113 487 116 490 ,
201 417 318 480 cenna
337 429 436 496 quem
458 427 561 496 quum
582 407 691 477 multa
710 409 844 477 locutus
864 409 910 474 sit
930 405 1121 477 Dinarchus
1143 402 1183 476 de
1205 403 1322 476 Pistiae
1342 405 1380 475 in
1401 430 1436 476 se
1450 403 1584 475 insidiis
1605 414 1640 474 et
1655 406 1806 495 βουλεύσει
1827 414 1862 473 et
1882 405 1917 473 id
1936 407 2004 474 for·

201 543 289 595 tasse
308 529 474 606 adieamit,
496 528 711 612 Areopagum
732 526 903 591 hominem
925 526 972 590 sic
992 526 1209 592 insidiantem
1230 525 1338 612 (φόνον
1361 525 1578 612 βουλεύσαντα)
1600 545 1701 608 prena
1720 523 1853 589 afficere
1872 523 2003 601 debere,

202 623 298 712 facile
318 644 617 728 Harpocrationem
645 642 753 727 decipi
774 642 931 726 potuisse.
966 642 1049 707 Veri
1070 642 1280 708 simillimum
1300 661 1398 725 perro
1419 639 1648 706 videturesse
1669 639 1756 724 quod
1777 639 1832 706 vir
1852 639 2003 705 doctissi-

202 782 276 826 mus
297 759 397 838 addit,
418 761 480 826 vir
499 759 541 824 ad
561 760 741 825 veritatem
762 756 925 836 accedere,
945 755 1174 835 Aristotelem,
1197 777 1300 840 quum
1321 756 1363 822 de
1383 756 1474 822 hiem
1495 757 1578 839 ipsis
1598 755 1698 822 rebus
1725 756 1762 821 in
1784 755 2003 820 Atheniensi·

201 897 260 940 um
280 875 450 960 republica
470 881 593 960 ageret,
612 874 750 940 levioris
771 873 929 951 criminis,
952 874 980 937 si
1001 895 1090 939 mers
1108 894 1177 938 non
1200 874 1375 939 subsecuta
1395 879 1492 950 esset,
1507 873 1712 937 mentionem
1725 871 1851 948 fecisse,
1866 871 2003 954 gravius

202 992 384 1077 βουλεύσεως
404 1011 511 1076 genus
532 991 569 1055 in
588 991 762 1074 Areopago
783 987 997 1055 iudicandum
1018 991 1152 1056 silentio
1174 989 1384 1073 praeteriisse.
1416 989 1486 1054 Nec
1508 989 1620 1053 minus
1641 988 1775 1071 placent
1795 1007 1868 1070 quse
1890 985 2002 1071 dispu-

202 1115 253 1172 tat
272 1106 313 1172 de
334 1106 449 1173 verbis
468 1107 519 1172 ἐάν
540 1129 581 1175 τις
601 1106 753 1188 ἀποκτείνῃ
775 1105 843 1174 δούς
865 1103 931 1171 huc
953 1125 1021 1169 non
1042 1105 1215 1170 trahendis
1246 1103 1343 1169 etde
1374 1103 1503 1170 duobus
1533 1103 1603 1168 illis
1624 1103 1706 1169 locis
1727 1101 1998 1167 Demosthenicis

201 1245 221 1288 a
238 1222 403 1289 Boeakhio
422 1222 541 1300 allatis,
556 1242 638 1304 quos
651 1219 848 1286 reiicicndos
869 1241 941 1286 esse
956 1228 1060 1305 putat,
1075 1243 1151 1286 cum
1166 1228 1331 1305 appareat,
1353 1221 1456 1303 priori
1479 1220 1540 1302 (ct
1555 1219 1682 1284 Cenon
1696 1217 1787 1296 laet,
1808 1217 1871 1301 20)
1893 1239 2001 1301 neque

202 1338 243 1404 de
265 1337 437 1422 αὐτοχειρίᾳ,
458 1357 565 1420 neque
584 1335 625 1400 de
648 1337 804 1422 βουλεύσει,
826 1356 933 1420 neque
954 1337 1090 1402 omnino
1112 1336 1152 1401 dc
1173 1335 1272 1401 eaedis
1293 1358 1392 1402 causa
1411 1337 1448 1401 in
1469 1335 1592 1401 iudicio
1619 1340 1693 1399 acta
1721 1354 1910 1398 sermonem
1930 1355 2002 1398 esse

203 1452 320 1530 videri,
353 1452 410 1517 sed
440 1453 538 1518 illum
566 1451 744 1518 sacerdotis
765 1461 902 1537 patrem,
924 1460 963 1517 ut
983 1452 1140 1517 facinoris
1162 1451 1399 1534 quedammodo
1421 1452 1555 1529 socium,
1576 1450 1618 1516 ab
1639 1449 1813 1534 Areopago
1835 1470 1929 1514 aeuo
1950 1470 2002 1514 ar-

203 1569 303 1634 bitrio
323 1573 362 1634 in
383 1569 523 1633 exilium
543 1567 685 1633 missum
705 1588 785 1634 esse.
829 1567 926 1649 Quod
947 1567 988 1632 ad
1009 1569 1153 1634 alterum
1172 1568 1283 1632 lecum
1303 1568 1542 1633 Demosthenis
1563 1566 1708 1631 attineat
1728 1569 1852 1647 (contr.
1874 1564 2001 1630 Cenon.

204 1684 291 1750 1265.
313 1685 339 1748 al
358 1685 413 1770 γὰρ
434 1684 590 1762 ἀπέθανον,
618 1683 815 1768 παρ’ἐκείνοις
835 1704 877 1748 sc.
909 1683 1138 1770 Ἀρειυπαγίταις
1160 1683 1194 1748 δν
1214 1682 1250 1768 ἦν
1270 1683 1291 1767 ἢ
1313 1683 1408 1768 δίκη),
1430 1704 1449 1748 e
1468 1703 1532 1767 quo
1564 1682 1639 1766 quis
1670 1679 1866 1746 concludere
1887 1681 2001 1765 pessit,

203 1799 467 1866 Demosthenem
497 1797 620 1864 diserte
654 1799 831 1878 affirmare,
865 1806 972 1864 morta
1004 1798 1251 1866 subsecundo
1283 1799 1431 1885 βουλεύσει
1450 1798 1574 1865 iudicia
1594 1797 1790 1864 conuenisse
1817 1798 2001 1880 Areopago,

204 1923 293 1981 recte
315 1925 439 1992 monet,
461 1914 564 1981 verba
584 1913 644 1978 illa
663 1915 782 1997 cuique
803 1916 840 1980 in
866 1935 937 1980 rem
953 1912 1157 1982 tractendam
1178 1915 1291 1999 paullo
1321 1916 1507 1980 mauratica
1536 1912 1722 1997 inquirenti
1751 1911 1882 1977 nullam
1901 1912 2002 1976 aliam

205 2031 408 2095 sonmutiam
422 2029 579 2094 exhibere
599 2050 704 2112 posse,
726 2031 801 2107 nisi,
823 2028 857 2095 id
879 2030 966 2113 quod
986 2031 1076 2096 inter
1097 2053 1213 2097 omnes
1234 2038 1372 2111 constet,
1394 2052 1463 2097 non
1484 2029 1524 2095 de
1545 2029 1750 2108 verberibus,
1773 2027 1831 2093 sed
1851 2026 1892 2093 de
1913 2027 2001 2094 caede

206 2145 418 2229 Areopagum
439 2143 607 2209 iudicasse.
629 2143 727 2225 Quod
745 2145 880 2210 nudem
900 2147 1056 2211 nonnulli
1078 2147 1241 2212 Boeckhio
1262 2154 1396 2213 austere
1417 2146 1595 2225 affirmant,
1611 2147 1796 2212 orationem
1809 2144 2001 2228 Antiphon-

206 2269 294 2325 team
313 2261 377 2345 rapi
397 2265 450 2324 τοῦ
469 2265 612 2346 χορευτοῢ
633 2281 743 2325 coram
764 2262 938 2346 Areopago
959 2261 1108 2330 habitam
1129 2283 1210 2343 csse,
1231 2264 1389 2348 quoniam
1409 2270 1559 2327 extrema
1584 2264 1732 2328 emtione
1761 2259 1877 2326 iudicii
1896 2260 2002 2342 ipsius

205 2376 334 2440 iustitia
355 2383 390 2440 et
409 2376 528 2460 religio
549 2375 597 2440 ita
619 2397 719 2459 supra
740 2383 850 2442 cetera
871 2377 1017 2456 tollatur,
1039 2386 1079 2445 ut
1099 2387 1138 2444 ea
1160 2380 1234 2446 lans
1254 2380 1342 2445 nulli
1363 2379 1502 2445 consilio
1536 2380 1602 2443 nisi
1623 2378 1857 2462 Areopagitico
1879 2396 2001 2440 conve·

204 2491 285 2568 niat,
306 2491 341 2557 id
362 2499 537 2575 prepterea
568 2493 707 2559 minoris
740 2495 901 2560 momenti
921 2493 1056 2561 videtur
1087 2517 1168 2575 esso,
1191 2495 1277 2580 qued
1313 2516 1392 2561 sane
1414 2496 1536 2559 oratori
1558 2495 1660 2560 ctiam
1691 2495 1842 2559 licuisset
1862 2489 2003 2556 candem

206 2605 336 2688 ephetis
356 2605 512 2671 tribuere.
553 2608 802 2692 Argumentum
823 2617 936 2676 autom
956 2633 1024 2676 non
1046 2610 1336 2690 contemnendum,
1358 2631 1423 2695 quo
1444 2595 1587 2689 utamur,
1608 2618 1649 2676 ut
1669 2609 1751 2674 duas
1772 2609 1848 2674 illas
1883 2607 2003 2673 oratio-

207 2741 275 2798 nes,
304 2742 385 2804 quas
417 2722 656 2808 ἐπιβουλεύσεως
688 2747 787 2792 causa
817 2725 948 2792 habitas
978 2747 1050 2792 esse
1071 2726 1232 2804 videmus,
1254 2748 1364 2792 coram
1386 2727 1560 2810 Areopago
1581 2727 1711 2792 habitas
1732 2746 1804 2790 esse
1832 2745 2002 2808 negemus,

206 2836 384 2919 appellatio
404 2835 551 2903 iudicum
573 2839 669 2905 nobis
690 2841 824 2925 praebet.
868 2841 1009 2908 Constat
1029 2845 1129 2920 onim,
1152 2844 1372 2928 Areopagitas
1393 2843 1528 2908 nemine
1550 2844 1575 2906 ὦ
1598 2842 1697 2928 βούλη,
1716 2841 1853 2925 ephems
1868 2838 2002 2903 nominc

204 2949 306 3037 ἄνδρες
327 2954 383 3018 uel
404 2952 506 3040 ἄνδρες
527 2958 656 3022 δικασταί
672 2978 803 3042 sempor
824 2959 1007 3042 appellatos
1028 2980 1108 3037 esse,
1131 2959 1166 3024 id
1198 2959 1285 3042 qued
1306 2959 1512 3024 erationibus
1546 2959 1692 3044 anysio
1712 2957 1752 3022 do
1773 2956 1861 3023 caede
1882 2956 2002 3019 Erato·

205 3066 333 3133 sthenis
365 3077 402 3135 et
436 3080 552 3137 contra
576 3071 749 3140 Simonem
769 3074 893 3140 habitis
929 3076 1009 3140 satis
1031 3076 1251 3160 probatur.-
1266 3076 1426 3143 Ceterum
1447 3075 1628 3161 βουλεύσεως
1663 3074 1810 3139 accusari
1831 3074 1860 3137 is
1881 3072 2001 3155 potuit,

185 3184 299 3249 ·cuius
319 3187 528 3251 accusatione
549 3188 753 3253 calumniosa
773 3191 899 3263 factum
920 3198 1000 3267 crat,
1024 3198 1064 3256 ut
1089 3192 1211 3274 aliquis
1237 3212 1337 3275 poena
1357 3191 1475 3256 mortis
1496 3190 1695 3269 afficeretur,
1717 3210 1781 3273 quo
1798 3188 1910 3273 Lysiae
1931 3207 2003 3251 ora-

204 3300 311 3363 ticin
332 3299 518 3383 Ageratum
546 3304 701 3385 pertinet
743 3304 797 3368 Ibi
817 3304 909 3368 enim
928 3306 1105 3389 Ageratos,
1127 3306 1269 3391 triginta
1299 3306 1383 3372 viris
1404 3306 1558 3371 Athenas
1590 3305 1731 3389 imperio
1765 3302 2003 3377 coercentibus,

204 3402 352 3479 effecisse
372 3414 503 3495 dicitur,
525 3423 565 3482 ut
584 3418 684 3482 multi
705 3418 771 3483 viri
792 3418 922 3485 nobiles
936 3427 971 3485 et
984 3419 1105 3504 populo
1119 3421 1312 3487 amicissimi
1327 3422 1445 3506 capitis
1458 3420 1704 3499 damnarentur,
1719 3420 1875 3506 tyrannis
1888 3426 2002 3483 autem

204 3530 353 3613 expulsis
373 3516 546 3597 accusatus
567 3554 648 3611 osse,
672 3533 759 3616 quod
779 3534 951 3601 fraudibus
973 3543 1008 3602 et
1027 3535 1210 3603 mendaciis
1229 3538 1348 3603 mortis
1369 3559 1485 3603 eorum
1506 3545 1620 3603 auctor
1641 3537 1822 3602 fuisset·-

303 3644 449 3712 Seeundi
481 3648 671 3727 tribunalis,
705 3649 742 3713 in
773 3672 838 3733 qne
873 3651 1001 3735 epheta
1034 3632 1132 3717 caedis
1153 3673 1228 3718 reos
1248 3652 1410 3718 iudicasse
1442 3652 1608 3731 dicuutur,
1630 3651 1816 3735 Delphinii,
1838 3649 2002 3733 originem

205 3757 329 3822 Pollux
350 3781 410 3825 nos
431 3760 526 3829 docet
545 3763 602 3829 lib.
626 3764 724 3843 VIII,
742 3766 814 3832 119:
837 3766 883 3831 ἐπὶ
904 3768 1060 3855 Δελφινίῳ·
1083 3768 1185 3854 ἱδρύθη
1209 3771 1259 3853 μὲν
1275 3770 1331 3833 ὑπὸ
1352 3774 1404 3834 τοῦ
1425 3768 1586 3853 Αἰγέως-
1594 3770 1693 3854 ἐκρύβη
1716 3770 1747 3833 δ’
1761 3768 1790 3832 ἐν
1823 3768 1903 3854 αὐτῷ
1923 3770 2000 3852 πρῶ-

204 3894 254 3941 τος
275 3872 389 3956 Θησεὺς
410 3876 619 3961 ἀφοσιούμενος
639 3882 673 3944 cd
696 3882 766 3964 ἄγος
786 3889 844 3948 τῶν
868 3884 919 3947 ὑπ’
934 3884 1025 3951 αὐτοῦ
1048 3883 1237 3969 ἀνῃρημένων
1272 3888 1388 3969 λῃστῶν
1409 3887 1458 3951 καὶ
1478 3890 1536 3949 τῶν
1558 3883 1762 3949 Παλλαντιδῶν
1785 3884 1836 3955 οὓς
1858 3882 2002 3967 ύιρολύγει

206 3990 256 4071 μὲν
280 3990 453 4067 ἀποκτεῖναι,
475 3992 591 4063 δικαίως
612 3996 641 4059 δ’
655 3993 712 4081 ἔφη
733 4002 819 4062 τοῦτο
854 4000 1028 4085 δεδρακέναι.
1070 3998 1164 4065 Dicit
1196 4000 1299 4065 etiam
1319 4001 1504 4067 Pausanias
1524 4001 1562 4065 in
1582 4000 1664 4079 Att,
1685 4000 1835 4065 omnium
1856 4000 2002 4083 primum

204 4102 370 4169 Theseum
391 4104 439 4171 ibi
463 4126 595 4172 causam
616 4106 749 4190 dixisse,
771 4133 874 4195 quum
896 4113 1141 4181 Demosthenes
1162 4116 1213 4197 (in
1233 4116 1394 4182 Aristocr.
1416 4118 1493 4199 439)
1515 4122 1631 4181 contra
1656 4136 1695 4180 ea
1716 4115 1880 4194 Orestem,
1902 4137 2001 4198 quem

202 4220 469 4303 Demophoontis
491 4229 588 4287 aetate
610 4222 743 4291 demum
765 4210 896 4292 causam
917 4227 1042 4295 dixisse
1077 4231 1207 4310 volunt,
1235 4232 1273 4296 in
1293 4233 1468 4317 Areopago
1489 4252 1588 4318 poena
1607 4231 1786 4297 liberatum
1809 4233 1912 4298 inisse
1933 4238 2001 4295 tra-

201 4335 258 4401 dat
279 4358 421 4420 cumque
443 4338 650 4404 occasionem
671 4341 851 4423 praebuisse
870 4343 1047 4427 Delphidii
1068 4346 1271 4412 exstruendi.
1313 4348 1469 4413 Fortasse
1491 4348 1668 4412 sententiaa
1690 4348 1754 4413 sibi
1775 4357 2009 4433 repugnantes·

202 4452 249 4515 ita
271 4452 445 4518 conciliare
460 4454 548 4531 licet,
571 4461 610 4519 ut
632 4462 826 4535 statuamus,
848 4458 1014 4525 Theseum
1036 4460 1170 4542 quidem
1191 4469 1269 4527 anto
1291 4462 1422 4528 Orestis
1443 4462 1604 4528 iudicium
1625 4485 1756 4530 causam
1779 4486 1873 4530 suam
1895 4464 2000 4547 egisse

202 4567 238 4629 iu
259 4566 441 4650 Delphinio
464 4570 484 4633 i.
504 4591 531 4633 e.
553 4570 625 4653 ipse
645 4572 815 4656 Apollinis
836 4574 961 4657 templo
983 4597 1090 4659 neque
1112 4584 1193 4641 tnnc
1214 4580 1374 4661 temporis
1393 4578 1515 4644 iudicio
1537 4578 1618 4643 caedi
1646 4579 1855 4663 inquirendae
1877 4582 2000 4645 consti-

200 4689 282 4759 tute,
304 4689 419 4764 postea
439 4706 518 4749 vcro
541 4707 639 4768 quam
662 4687 816 4755 Orestem
838 4689 936 4757 cudis
956 4691 1156 4757 voluntariae
1177 4701 1374 4772 accusatum,
1396 4702 1509 4759 tamen
1538 4694 1687 4775 ipserum
1708 4696 1845 4761 deorum
1865 4706 1999 4762 sentcn-

200 4796 258 4864 tiis
279 4796 457 4863 liberatum
478 4800 580 4866 fuisse
602 4802 769 4884 viderunt,
791 4806 828 4871 in
861 4826 900 4870 ce
921 4806 993 4893 ipso
1026 4808 1150 4890 temple
1172 4809 1351 4892 Apollinis,
1373 4810 1432 4875 ubi
1452 4816 1530 4872 autc
1549 4808 1677 4895 aliquot
1697 4813 1873 4896 sexaginta
1891 4835 1998 4878 annos

199 4912 238 4977 de
261 4912 390 4983 Theseo
424 4914 538 4983 cadem
574 4937 646 4999 qun
668 4918 708 4983 de
731 4918 850 4987 Oreste
886 4922 923 4987 in
943 4921 1119 5007 Areopago
1153 4924 1291 5005 quaetio
1324 4925 1539 5002 crathabita,
1561 4924 1598 4989 in
1620 4928 1791 5011 ociusque
1814 4928 1997 5012 Delphinio
