4750 5900
1283 221 1328 289 4

410 401 445 482 et
466 415 543 482 inde
565 398 1116 508 autemsaemammersvr
1148 421 1345 504 ophetarum
1376 420 1553 506 collegium
1574 397 1779 486 irrideretur.
1822 417 1955 486 Deinde
1982 415 2200 502 Harpocratio

409 555 465 597 cos
486 535 541 612 ait,
558 535 615 617 qui
636 535 673 608 in
694 534 853 612 Palladio,
875 535 1053 620 Prytaneo,
1076 535 1280 620 Delphinio,
1292 537 1453 602 Phreatto
1481 535 1522 601 de
1543 536 1631 602 caede
1657 535 1889 614 iudicaverint,
1910 535 2049 619 cphctas
2067 539 2201 600 vocatos

409 671 483 716 esse
507 651 599 714 etin
620 649 742 714 'limae
763 650 829 716 lex.
854 649 939 715 Plat.
962 672 986 716 s.
1008 653 1062 717 vb.
1091 652 1164 718 haec
1194 654 1352 737 legimus:
1382 652 1480 737 ἐφέται
1511 653 1539 716 ot
1574 652 1632 715 ἀπὸ
1662 652 1824 736 Δράκοντος
1843 653 1907 736 περὶ
1928 650 2020 736 φόνου
2041 652 2203 721 δικάζοντες

406 767 504 852 κριταί.
548 764 603 830 An
625 786 706 848 quos
726 773 876 830 auctores
897 766 1023 831 accedit
1043 768 1254 862 Plutarchus,
1277 768 1334 850 qui
1356 769 1436 848 (vit.
1460 767 1573 833 Solon.
1602 787 1628 831 o.
1641 767 1703 850 19)
1724 787 1840 831 eorum
1859 767 2022 843 meminit,
2045 766 2200 848 quiante

410 882 569 948 Solonem
599 879 641 944 ab
673 881 894 963 Areopagitis,
917 889 976 946 eut
996 882 1037 946 ab
1065 883 1203 966 ephetis,
1224 891 1284 948 aut
1310 904 1330 946 a
1351 883 1520 966 Prytaneo
1541 888 1676 965 propter
1697 880 1820 946 caedem
1840 883 2048 946 commissam
2068 887 2127 944 aut
2147 886 2201 963 ty-

407 997 582 1063 rannidem
613 997 799 1060 affectatam
829 997 935 1079 capite
970 995 1135 1062 deminuti
1166 1000 1243 1063 sint.
1287 995 1383 1079 Quod
1415 998 1646 1062 testimonium
1664 997 1839 1061 Plutarchi
1860 995 2116 1061 disertissimum
2137 995 2201 1059 etsi

407 1113 506 1176 aliter
526 1111 686 1194 explicari
707 1132 775 1176 uon
796 1119 914 1194 potest,
937 1131 1036 1194 quam
1056 1121 1096 1177 ut
1118 1123 1195 1178 ante
1218 1114 1377 1180 Solonem
1397 1113 1617 1196 Areopagitas
1640 1111 1682 1176 ab
1703 1113 1834 1195 ephetis
1848 1112 1997 1177 diversos
2011 1110 2114 1175 fuisse
2136 1116 2201 1174 sta-

408 1236 549 1304 tuamus,
570 1233 683 1290 tamen
705 1234 785 1291 sunt
816 1229 872 1310 qui
894 1229 1092 1292 contrariam
1114 1231 1324 1307 senteutiam,
1346 1229 1440 1312 quasi
1460 1227 1674 1310 Areopagitae
1695 1227 1796 1292 iidem
1810 1229 1937 1294 fuerint
1950 1233 2048 1309 atque
2064 1225 2201 1307 ephetae,

407 1341 583 1407 defendere
605 1348 776 1406 conentur.
820 1342 971 1422 Quorum
1002 1345 1040 1407 in
1074 1363 1212 1408 numero
1243 1353 1365 1426 praeter
1386 1343 1586 1408 Platnerum
1608 1350 1644 1407 et
1664 1343 1842 1422 Luzacum,
1863 1363 2004 1426 quorum
2024 1340 2128 1405 libros
2148 1360 2202 1404 me

407 1458 570 1540 inspicere
603 1477 671 1520 non
701 1458 847 1539 potuisse
880 1455 977 1522 valde
1010 1457 1113 1536 doleo,
1146 1459 1301 1542 inprimis
1332 1457 1518 1524 Odofrcdus
1550 1457 1736 1524 Muellerus
1766 1459 1938 1525 habendus
1964 1465 2024 1531 est
2045 1455 2086 1520 de
2107 1455 2202 1520 cuius

407 1573 579 1653 sententia,
594 1574 631 1637 in
645 1570 841 1655 Aeschyleo
861 1571 1088 1638 Eumenidum
1109 1575 1343 1639 commentario
1357 1574 1525 1658 proposita
1537 1583 1652 1657 postca
1671 1575 1773 1640 latius
1793 1557 1975 1658 disputabo.
2023 1572 2069 1637 Ut
2088 1579 2202 1634 tamen

409 1687 488 1771 quid
508 1688 579 1771 ipse
610 1686 752 1751 sentiam
784 1687 898 1752 statim
927 1687 1042 1766 dicam,
1074 1690 1212 1754 offendit
1232 1712 1294 1768 me,
1316 1691 1407 1756 viros
1427 1689 1506 1754 illos
1525 1689 1739 1768 doctissimos,
1760 1691 1894 1755 disertis
1927 1686 2129 1752 testimoniis
2149 1705 2201 1748 rc-

407 1804 511 1881 iectis,
533 1803 575 1868 ad
597 1803 802 1868 coniecturas
823 1803 1019 1888 confugisse,
1042 1826 1122 1887 quas
1144 1807 1172 1870 si
1195 1805 1329 1888 quidem
1362 1807 1482 1889 quibus
1513 1805 1649 1884 utimur,
1681 1813 1835 1872 veterum
1866 1803 2060 1869 testimonia
2080 1808 2115 1865 et
2135 1799 2200 1864 fide

348 1968 353 1978 .
407 1918 509 2002 digna
540 1927 620 1984 sunt
651 1926 686 1983 et
717 1939 797 1983 sana
827 1919 956 1983 ratione
988 1921 1077 1984 inter
1105 1941 1140 1984 se
1163 1922 1333 1986 conciliari
1353 1930 1503 2005 possunt,
1525 1943 1661 2006 prorsus
1682 1940 1944 2004 supervacaneas
1965 1940 2036 1984 csse
2057 1921 2202 2000 apparet.

407 2035 459 2099 Ac
481 2034 701 2099 Plutarchum
723 2034 855 2117 quidem
877 2034 937 2116 (cf.
961 2032 1172 2101 Sehoemann.
1195 2036 1262 2100 ind.
1283 2037 1358 2102 lect
1380 2059 1459 2102 sem.
1480 2036 1609 2102 hibern.
1631 2037 1743 2119 1833),
1766 2038 1821 2102 cui
1841 2037 1931 2120 ipsas
1957 2033 2092 2100 Solonis
2111 2032 2203 2114 leges

407 2150 597 2214 notissimas
617 2150 719 2214 luisse
741 2150 871 2228 scimus,
893 2170 952 2214 cur
972 2151 1066 2232 quasi
1086 2151 1198 2217 levem
1217 2158 1339 2217 testem
1358 2152 1579 2237 repudiemus,
1593 2173 1725 2218 oausam
1738 2153 1862 2216 iustam
1875 2172 1945 2215 non
1965 2149 2073 2226 rideo,
2094 2166 2202 2228 nequo

322 2269 325 2274 '
408 2266 549 2342 Polluci,
571 2267 625 2329 cui
648 2287 724 2330 cum
744 2267 782 2329 in
801 2265 968 2347 plerisque
991 2285 1063 2347 quae
1085 2264 1125 2330 de
1146 2266 1408 2332 Atheniensium
1428 2268 1599 2352 republica
1618 2266 1766 2344 tradidit,
1788 2274 1862 2331 tum
1882 2266 1920 2329 in
1940 2265 2013 2348 ipsa
2032 2264 2094 2329 hac
2115 2259 2201 2326 iudi-

410 2382 536 2445 ciorum
567 2389 661 2463 parte
693 2379 877 2445 enarranda
907 2379 1144 2464 gravissimum
1172 2391 1343 2448 auctorem
1374 2384 1477 2450 fuisse
1499 2390 1630 2448 constat
1651 2383 1881 2459 Aristotelem,
1902 2380 1986 2445 fides
2011 2375 2204 2460 deneganda

408 2502 467 2560 est.
510 2493 638 2576 Quodsi
669 2515 776 2578 neque
808 2495 991 2572 Plutarchi,
1026 2516 1133 2578 neque
1155 2497 1304 2564 Pollucis
1337 2501 1505 2565 sententia
1524 2497 1659 2565 videtur
1680 2497 1859 2562 roiicieuda
1881 2517 1962 2572 esso,
1984 2494 2143 2577 sequitur,
2164 2498 2203 2556 ut

410 2617 445 2675 et
464 2609 500 2675 id
521 2609 608 2692 quod
628 2611 687 2674 ille
709 2608 852 2674 dilucide
881 2617 1003 2686 narrat,
1032 2611 1169 2694 ephotas
1197 2621 1231 2678 et
1252 2615 1471 2699 Areopagitas
1497 2620 1576 2678 ante
1599 2613 1757 2680 Solonem
1777 2612 1903 2678 iudices
1924 2610 2093 2676 exstitisse
2114 2608 2203 2671 inter

411 2747 445 2791 sc
467 2726 625 2803 diversos,
647 2732 689 2802 et,
712 2745 785 2807 quae
807 2733 858 2790 est
879 2725 1028 2790 Pollucis
1049 2702 1225 2805 sententia,
1248 2730 1384 2812 ephetas
1406 2731 1486 2794 olim
1507 2731 1536 2792 ἐν
1557 2733 1620 2800 τοῖς
1639 2729 1722 2793 mors
1750 2727 2007 2812 diremptorem
2028 2725 2202 2805 Areopago

409 2842 513 2926 igitur
534 2847 690 2923 quattuor
709 2841 778 2905 illis
803 2839 935 2904 iudiciis
956 2839 1091 2920 adiecto,
1107 2843 1303 2923 consedisse,
1325 2867 1384 2928 pro
1406 2865 1486 2911 vero
1507 2845 1713 2928 accipiamus.
1755 2844 1847 2908 Hinc
1868 2835 2101 2906 difficultatem
2122 2837 2201 2900 oriri

410 2958 485 3041 quis
507 2965 559 3022 est
589 2958 671 3038 quin
701 2956 821 3033 videat,
854 2978 957 3039 quum
988 2958 1017 3021 si
1049 2959 1122 3041 quis
1145 2959 1295 3025 Pollucis
1325 2961 1438 3027 vorbis
1471 2960 1623 3039 confidat,
1644 2961 1723 3026 huic
1743 2960 2023 3042 Areopagitarum
2043 2954 2202 3021 iudicium

410 3080 487 3137 ante
510 3072 668 3138 Solonem
689 3078 748 3137 aut
768 3072 910 3148 nullum,
932 3079 991 3136 aut
1012 3073 1099 3155 quod
1119 3075 1161 3139 ab
1182 3076 1380 3159 ophetarum
1400 3076 1522 3142 iudicio
1542 3098 1611 3142 non
1632 3078 1780 3141 alionum
1800 3077 1912 3152 fucrit,
1935 3073 2100 3157 colligere,
2121 3068 2203 3134 Plu-

410 3188 563 3253 tarchum
584 3208 661 3270 ergo
683 3208 703 3251 a
723 3187 861 3252 Polluce
882 3186 1059 3253 dissentire
1081 3190 1180 3255 liceat
1201 3191 1409 3257 contendere.
1437 3191 1577 3257 Accedit
1597 3192 1684 3276 quod
1699 3191 1901 3256 Plutarchus
1915 3191 1987 3255 loco
2013 3206 2113 3269 supra
2132 3186 2203 3249 lau-

411 3303 486 3368 dato
514 3310 637 3380 narrat,
666 3303 828 3385 plurimos
855 3303 1031 3385 scriptores
1052 3304 1158 3387 ipsius
1179 3307 1322 3388 aequales
1343 3315 1496 3372 senatum
1517 3308 1790 3391 Areopagiticum
1809 3329 1830 3372 a
1851 3306 1975 3372 Solone
1997 3304 2131 3368 demum
2152 3301 2204 3363 in-

412 3420 570 3483 stitutum
601 3424 743 3501 putasse,
765 3425 962 3502 argumento
993 3441 1080 3498 usos,
1113 3421 1200 3503 quod
1220 3423 1258 3486 in
1285 3422 1416 3507 legibus
1436 3423 1478 3487 ad
1499 3422 1622 3488 caedem
1642 3421 1890 3507 pcrtinentibus
1910 3440 1930 3483 a
1951 3420 2104 3482 Dracone
2126 3414 2204 3478 latis

412 3554 575 3617 nusquam
596 3534 883 3617 Areopagitarum,
908 3534 964 3599 sed
987 3558 1117 3619 semper
1138 3536 1333 3619 ophetarum
1353 3541 1480 3604 mentio
1508 3540 1595 3604 facta
1621 3542 1679 3604 sit:
1703 3540 1757 3603 cui
1777 3543 1973 3619 argumento
1995 3552 2098 3614 quum
2117 3526 2204 3593 nihil

412 3648 572 3732 impediat
593 3649 770 3731 quominus
791 3649 892 3713 fidem
913 3650 1101 3729 habeamus,
1123 3652 1254 3736 ephetis
1275 3652 1316 3717 de
1337 3652 1425 3719 caede
1447 3654 1569 3719 iudicia
1589 3652 1711 3716 tradita
1738 3652 1841 3715 fuisse
1861 3654 2007 3731 apparet,
2028 3645 2077 3709 ite
2097 3652 2135 3708 ut
2156 3644 2204 3706 fa-

412 3764 475 3829 cile
498 3764 640 3848 suspicio
663 3764 742 3828 oriri
763 3766 876 3847 possit,
899 3768 993 3849 quasi
1014 3769 1225 3852 Areopagitae
1246 3768 1394 3833 iudicum
1415 3768 1606 3853 capitalium
1620 3786 1758 3830 munere
1772 3764 1937 3829 Draconis
1952 3760 2086 3844 quidem
2107 3764 2204 3824 aetate

413 3880 549 3970 omnino
571 3901 639 3944 non
660 3880 767 3945 functi
790 3880 867 3957 sint,
890 3903 948 3947 seu
970 3882 1098 3966 ephetse
1119 3882 1161 3948 ab
1181 3884 1394 3967 Areopagitis
1415 3882 1540 3948 diversi
1561 3904 1629 3946 non
1652 3882 1787 3947 fuerint.
1831 3879 1974 3960 Qualem
2004 3876 2205 3941 sententiam

412 3996 441 4059 si
463 3996 537 4078 quis
558 4015 681 4073 eorum,
704 3996 761 4078 qui
782 3998 819 4061 in
840 3997 1095 4080 antiquitatibus
1117 3998 1245 4063 Graecis
1267 3998 1448 4063 tractandis
1468 3998 1581 4063 miuus
1602 3996 1781 4081 diligenter
1801 3995 1927 4063 versati
1948 3999 2069 4068 essent,
2084 3992 2122 4054 in
2135 4008 2203 4053 me·

411 4110 504 4176 dium
518 4110 720 4194 protulisset,
735 4134 803 4177 uon
815 4132 1013 4196 magnopere
1027 4113 1278 4191 offenderemur,
1290 4135 1329 4179 oo
1343 4115 1449 4198 magis
1463 4134 1571 4198 operae
1584 4114 1730 4196 pretium
1743 4114 1814 4177 fore
1823 4130 2002 4195 speramus,
2014 4110 2040 4173 si
2052 4107 2154 4171 letius
2168 4104 2205 4167 in

412 4246 526 4292 causas
547 4227 756 4308 inquirimus,
779 4227 899 4309 quibus
919 4235 1089 4310 permotus
1111 4227 1222 4293 Odoh.
1246 4228 1441 4307 Muellerus,
1468 4229 1523 4295 vir
1546 4229 1833 4313 ingeniosissimus
1854 4236 1889 4293 ct
1917 4226 1973 4307 qui
1994 4226 2032 4289 in
2051 4222 2114 4286 hac
2136 4227 2205 4283 stu·

413 4341 544 4406 diorum
568 4351 662 4424 parte
690 4342 890 4408 elaboranda
920 4344 995 4407 aliis
1024 4344 1128 4409 facem
1155 4345 1314 4427 praetulit,
1336 4346 1372 4409 in
1393 4345 1484 4410 hunc
1505 4366 1650 4410 errorem
1670 4343 1816 4408 incidere
1837 4340 1993 4425 potuerit,
2013 4345 2054 4403 ut
2073 4336 2206 4401 nullum

412 4464 490 4522 ante
512 4456 673 4522 Solonem
692 4458 869 4543 collegium
890 4460 993 4524 fuisse
1011 4480 1035 4527 ,e
1055 4467 1172 4525 senatu
1194 4434 1621 4544 Areopagitico‘diversum
1641 4458 1774 4524 diceret

512 4570 641 4637 Statuit
672 4581 784 4637 autem
815 4574 1003 4639 Muellerus
1035 4575 1092 4655 (cf.
1115 4574 1301 4641 Comment.
1322 4576 1359 4640 in
1379 4576 1523 4641 Idumen.
1544 4596 1597 4659 pg.
1625 4573 1807 4651 152-153),
1840 4570 1987 4636 Athenis
2018 4568 2206 4652 antiquitus

411 4708 518 4751 unum
538 4686 691 4771 idemque
712 4687 859 4753 iudicum
881 4689 1060 4773 collegium
1081 4689 1121 4754 dc
1143 4690 1288 4756 coedibus
1309 4689 1480 4769 iudicasse,
1503 4698 1537 4755 et
1559 4689 1768 4764 volunta-riis,
1796 4695 1856 4752 aut
1876 4685 2039 4769 supplicio
2058 4692 2117 4749 aut
2136 4681 2207 4746 exi-

413 4802 458 4867 lio
479 4808 641 4891 perpetuo
661 4802 802 4882 luendis,
824 4810 860 4870 et
880 4826 948 4868 non
969 4806 1180 4885 voluntariis,
1202 4813 1261 4871 aut
1281 4805 1433 4873 breviore
1455 4806 1557 4871 exilio
1579 4811 1614 4869 et
1635 4803 1722 4887 quod
1740 4803 1830 4869 domi
1851 4801 1980 4868 absolvi
2007 4805 2128 4885 posset,
2149 4804 2208 4862 aut

411 4918 606 5004 purgatione
628 4926 663 4983 ct
683 4920 880 4985 lustratione
902 4918 1042 5003 quadam
1063 4920 1245 5006 expiandis,
1266 4922 1491 5004 expiationem
1513 4927 1628 4986 autom
1649 4926 1684 4985 et
1702 4918 1935 5003 purgationem
1955 4936 2089 4981 reorum
2110 4911 2208 4979 caedis
