4750 5900
1262 197 1331 266 10

395 391 558 458 eiusmodi
589 412 704 458 causas
718 393 779 477 agi
810 393 957 460 voluisse
979 394 1137 462 videntur
1168 397 1365 482 publiceque
1397 397 1617 475 sanxissent
1646 395 1684 461 in
1704 403 1875 480 posterum
1901 395 2050 480 legitime
2071 394 2108 460 in
2128 393 2192 459 hoe

395 509 466 572 loco
488 507 528 572 de
550 509 593 572 iis
614 517 827 591 quaereretur,
860 511 917 592 qui
950 509 1135 577 faterentur
1157 513 1299 596 quidem,
1321 514 1420 580 caedis
1448 514 1648 579 voluntariae
1669 534 1705 578 se
1726 533 1799 578 esse
1820 532 1903 589 reos,
1924 512 1998 577 iure
2020 518 2133 576 autem
2153 530 2190 576 se

396 645 455 688 sue
477 624 680 689 commisisse
702 646 776 689 cam
797 625 1043 692 contenderent.
1080 628 1163 708 Quae
1186 628 1296 696 Schol
1319 631 1423 694 Arist
1445 627 1560 694 tradit:
1582 629 1729 714 Δελφίνιον
1752 629 1827 713 ἱερὸν
1846 626 2039 696 ’Λπόλλωνος
2057 624 2189 711 Ἀθήνῃ·

396 765 437 803 σιν
460 741 537 804 οὕτω
559 740 743 823 καλούμενον,
765 737 837 804 ἔνθα
857 741 892 825 ἦν
913 741 947 804 τδ
967 743 997 806 ἐν
1019 743 1159 830 Δελφινίῳ
1182 747 1369 831 δικαστήριον,
1397 752 1437 809 ut
1456 745 1623 810 Krebsius
1648 750 1738 809 recte
1759 743 1914 827 explieat,
1934 763 2004 807 non
2024 763 2098 806 cam
2118 742 2190 808 vim

395 857 528 934 habeut,
550 865 589 920 ut
609 857 646 920 in
667 856 739 938 ipso
760 857 885 938 templo
906 857 1082 940 Delphinii
1105 858 1266 925 iudicium
1286 860 1372 944 illud
1393 867 1428 924 et
1448 860 1597 925 tribunal
1617 860 1721 925 fuisse
1746 858 1884 936 dicatur,
1907 858 1965 922 sed
1984 857 2088 924 verba
2105 858 2189 922 acci·

394 971 515 1056 pianda
546 981 626 1036 sunt
648 971 688 1036 de
719 971 833 1035 iudicii
859 973 939 1048 loeo,
972 974 1029 1056 qui
1051 974 1235 1057 Delphinio
1267 976 1392 1058 templo
1423 976 1612 1040 adiacuerit
1654 975 1750 1040 Nihil
1771 975 1876 1058 igitur
1896 973 2027 1038 obstare
2045 972 2189 1049 videtur,

393 1089 571 1172 quominus
591 1088 702 1152 locum
723 1089 997 1170 interpretemur:
1019 1090 1165 1154 Athenis
1186 1098 1239 1155 est
1259 1090 1423 1174 templum
1443 1091 1578 1155 nemine
1600 1091 1831 1174 Delphinium,
1846 1089 1999 1174 Apollini
2021 1109 2189 1153 consecra-

393 1213 474 1281 tum,
497 1206 593 1269 iuxta
613 1202 700 1285 quod
721 1202 869 1268 tribunal
891 1211 943 1268 est
964 1204 1079 1270 eodem
1099 1207 1234 1270 nomine
1257 1206 1440 1290 Delphinio
1462 1207 1670 1291 insignitum

493 1318 756 1385 Postulabautur
777 1326 889 1382 autem
910 1321 947 1385 in
969 1318 1030 1384 hoc
1051 1320 1200 1385 tribunal
1222 1322 1280 1404 qui
1310 1323 1480 1388 manifesti
1511 1321 1681 1388 homicidii
1704 1322 1844 1386 crimino
1866 1320 2079 1386 tenebantur:
2103 1316 2191 1400 quod

394 1436 528 1520 quidem
550 1435 579 1498 si
599 1435 672 1498 iure
695 1455 729 1498 se
752 1455 810 1498 suo
832 1445 1039 1518 perpetrasse
1061 1435 1277 1503 ostenderant
1302 1439 1438 1521 eiusque
1459 1439 1511 1502 rei
1528 1438 1675 1502 rationes
1697 1437 1884 1521 prudentia
1904 1435 2053 1500 iudicum
2073 1433 2191 1517 preha-

393 1559 522 1630 rerant,
544 1549 585 1614 ab
608 1550 699 1614 omni
722 1549 857 1614 omniuo
889 1550 988 1616 caedis
1009 1573 1107 1634 poena
1137 1553 1376 1620 liberabantur.
1419 1553 1503 1634 Quae
1524 1561 1637 1618 autem
1657 1572 1712 1616 res
1731 1560 1931 1634 potestatem
1951 1551 2131 1632 unicuique
2152 1548 2193 1613 li-

394 1669 621 1748 bertatemque
643 1666 782 1730 alterius
803 1666 940 1748 impune
962 1668 1132 1733 occidendi
1153 1669 1315 1747 dederint,
1347 1669 1443 1734 docet
1464 1667 1709 1734 Demosthenes
1730 1668 1767 1731 in
1788 1668 1937 1732 oratione
1959 1673 2000 1731 ct
2021 1665 2191 1739 Aristoer,

394 1784 452 1849 ubi
484 1783 573 1846 inter
606 1781 688 1845 alias
719 1781 819 1864 leges,
842 1802 914 1863 quae
936 1784 1172 1867 impunitatem
1204 1784 1377 1850 homicidae
1411 1784 1501 1863 dant,
1522 1785 1609 1848 hanc
1630 1785 1732 1848 etiam
1753 1785 1863 1848 affert:
1886 1785 1935 1846 καὶ
1955 1783 2004 1846 ἐὰν
2026 1780 2190 1866 φέρονταί,

393 1900 500 1982 ἄγοντα
522 1899 570 1984 βίᾳ
602 1898 708 1966 ἀδίκως
739 1896 829 1966 εὐθὺς
850 1897 1031 1983 ἀμυνόμενος
1061 1903 1155 1984 κτείνῃ
1178 1901 1311 1987 νηποινεὶ1
1337 1902 1478 1965 τεθνάναι
1521 1899 1627 1964 Cuius
1649 1899 1784 1982 quidem
1804 1900 1890 1984 legis
1921 1898 2037 1963 multae
2059 1903 2193 1960 exstant

392 2025 491 2099 atquc
513 2035 561 2078 etc
583 2013 686 2079 varias
707 2011 879 2077 doctorum
899 2015 1050 2083 virorum
1073 2018 1376 2102 interpretationes.
1418 2015 1578 2082 Reddunt
1599 2017 1692 2080 enim
1712 2023 1785 2080 aut:
1810 2015 1954 2096 „siquis
1982 2033 2082 2095 quem
2102 2011 2192 2076 aufe·

391 2140 522 2196 rentem
544 2127 599 2195 vel
621 2126 840 2192 obducentem
861 2149 921 2211 per
942 2131 1012 2194 vim
1034 2140 1069 2196 ct
1089 2133 1249 2199 iniuriam
1276 2131 1441 2210 occiderit,
1463 2132 1536 2197 iure
1559 2153 1663 2196 caesus
1690 2139 1791 2208 esto“,
1813 2140 1887 2195 aut:
1912 2181 1927 2207 „
1951 2127 2068 2212 quodsi
2093 2148 2191 2209 quem

393 2269 453 2332 per
474 2246 546 2311 vim
567 2244 691 2308 iniuste
711 2243 910 2325 spoliantem
930 2254 989 2309 aut
1012 2246 1231 2316 abducentem
1251 2249 1428 2314 confestim
1447 2247 1622 2314 vindicans
1642 2246 1857 2323 interfecerit,
1880 2246 2016 2329 impunc
2048 2244 2192 2307 occisum

394 2384 466 2427 esse
499 2359 620 2424 iubett.
664 2357 719 2421 Ad
750 2359 927 2422 veritatem
958 2363 1094 2444 propius
1124 2365 1300 2430 accessisse
1332 2362 1466 2430 videtur
1497 2362 1640 2440 Petitus,
1672 2362 1730 2445 qui
1759 2363 2014 2444 interpretatur:
2040 2358 2099 2437 ,Si
2119 2358 2193 2439 quis

394 2479 499 2542 alium
520 2476 644 2539 iniuste
667 2475 737 2538 vim
758 2474 959 2539 inferentem
981 2477 1017 2540 in
1039 2479 1227 2544 continenti
1247 2485 1425 2557 necasset,“
1449 2487 1509 2543 otc.
1553 2478 1621 2559 Qui
1643 2478 1775 2562 Vigerii
1795 2478 2028 2542 auctoritatem
2049 2495 2192 2556 sequun-

396 2609 460 2670 tur,
482 2593 553 2655 uim
574 2589 754 2654 verborum
775 2588 852 2672 ἀγειν
874 2592 921 2654 καὶ
943 2592 1036 2677 φέρειν
1065 2615 1125 2676 per
1145 2593 1289 2679 aggredi,
1304 2593 1461 2660 invadere
1478 2595 1686 2677 exponentis,
1700 2593 1809 2677 legem
1822 2590 2107 2676 interpretandam
2120 2610 2191 2654 esse

396 2713 600 2774 statuerunt:
627 2703 684 2781 „Si
706 2705 781 2786 quis
803 2726 901 2788 quom
922 2709 1072 2774 violento
1092 2711 1221 2792 impetu
1241 2709 1489 2793 aggredientem
1510 2717 1545 2774 et
1564 2708 1779 2776 invadentem
1800 2707 2002 2774 defensionis
2023 2727 2122 2773 causa
2141 2727 2193 2770 oc-

397 2825 492 2902 cidat,
524 2824 660 2905 impunc
694 2841 797 2885 casus
829 2830 930 2886 estet.
973 2825 1022 2888 At
1041 2825 1193 2906 arbitror,
1225 2845 1293 2889 non
1326 2846 1407 2903 esse,
1438 2846 1498 2890 cur
1518 2846 1539 2890 a
1559 2824 1801 2909 significatione
1821 2830 1954 2907 recepta
1973 2827 2025 2888 τοῦ
2047 2821 2125 2904 ἄγειν
2145 2822 2193 2884 καὶ

397 2941 501 3026 φέρειν,
523 2959 596 3031 quae
619 2944 671 3001 est
694 2936 829 3015 „hostili
857 2938 984 3023 impetu
1013 2939 1099 3005 bona
1120 2940 1261 3006 alieuius
1281 2939 1448 3020 invadere,
1477 2939 1623 3024 praedam
1643 2942 1751 3005 tacere
1772 2947 1807 3005 et
1827 2940 1989 3025 abigere“,
2010 2937 2192 3013 redeamus,

398 3078 501 3139 qumu
521 3056 573 3131 iis,
596 3074 670 3136 quae
692 3053 937 3119 Demosthenes
959 3056 1030 3139 ipsc
1051 3055 1093 3121 ad
1113 3057 1222 3141 legem
1237 3055 1468 3140 explicandam
1487 3057 1612 3135 attulit,
1626 3056 1697 3121 haec
1712 3057 1910 3141 significatio
1930 3056 2094 3138 postulari
2114 3075 2194 3136 quo-

397 3169 570 3237 dammodo
591 3168 754 3247 uideatur,
777 3168 897 3251 quibus
919 3172 993 3252 quis
1014 3192 1083 3235 non
1104 3171 1274 3255 iutelligit,
1296 3171 1383 3255 qued
1404 3172 1441 3235 in
1461 3171 1535 3256 lege
1557 3173 1754 3255 simpliciter
1775 3181 1810 3237 et
1831 3173 1904 3237 sinc
1925 3172 1996 3236 ulla
2016 3170 2196 3254 amplifica-

398 3290 488 3353 tione
510 3285 636 3350 dictum
659 3293 738 3363 erat,
761 3284 796 3349 id
818 3286 982 3369 copiosius
1003 3308 1023 3351 a
1044 3287 1272 3351 Demosthene
1295 3288 1332 3351 in
1353 3288 1427 3372 lege
1441 3287 1691 3371 interpretanda
1707 3300 1741 3354 ct
1754 3288 1940 3353 accuratius
1954 3287 2066 3351 efferri
2083 3284 2196 3351 uerbis

401 3403 496 3485 ,ἀγειν
518 3404 566 3465 καὶ
587 3402 682 3487 φέρειν
703 3402 739 3465 τὰ
757 3400 814 3484 ἐμὰ
835 3410 869 3466 et
888 3403 1002 3486 paullo
1024 3410 1099 3485 post
1119 3402 1232 3468 verbis
1252 3405 1359 3473 ἀδίκως
1380 3404 1437 3486 ἀγγγ
1459 3404 1506 3467 καί
1528 3404 1603 3489 φέρῃ
1623 3406 1661 3467 τοί
1679 3428 1755 3473 τινος
1780 3403 1973 3488 λγϊξὸμενοςὶ)
1995 3400 2193 3466 Demosthe·

397 3520 450 3583 nis
479 3518 583 3601 igitur·
604 3518 800 3582 auctoritate
821 3520 963 3600 permoti
985 3519 1094 3602 legem
1115 3518 1177 3582 hoc
1201 3518 1297 3583 modo
1319 3520 1532 3603 interpretari
1554 3542 1622 3584 uon
1644 3519 1848 3584 dubitamus:
1872 3517 1911 3583 Si
1932 3518 2006 3600 quis
2027 3517 2138 3581 animo
2159 3528 2195 3579 et

397 3638 526 3717 impetu
546 3633 662 3698 hostili
684 3632 770 3697 bona
791 3633 1040 3717 aggredientem
1061 3655 1164 3716 caque
1186 3634 1400 3717 diripientem
1421 3635 1643 3719 propulsando
1665 3633 1935 3715 defendendoque
1962 3652 2037 3697 ase
2059 3632 2193 3715 suisque

397 3752 494 3815 bouis
515 3748 643 3814 illatam
666 3747 825 3812 iniuriam
858 3748 1021 3827 occiderit,
1053 3751 1191 3833 impunc
1223 3751 1252 3814 is
1284 3770 1388 3814 caesus
1421 3759 1500 3815 esto.
1542 3748 1709 3832 Equidem
1741 3750 1863 3813 reiecta
1893 3748 1955 3812 hoc
1986 3747 2058 3810 loeo
2089 3747 2193 3811 alteru

396 3864 541 3931 vexandi
569 3864 829 3945 neticuc,quau1
850 3865 953 3929 verba
969 3864 1045 3949 ἄγειν
1062 3874 1096 3931 et
1117 3866 1221 3951 φέρειν,
1243 3864 1272 3929 si
1287 3886 1399 3930 secum
1413 3865 1671 3948 coniunguntur,
1693 3864 1853 3941 efficiunt,
1875 3864 2015 3929 alteram
2036 3860 2194 3927 tuendam

398 4003 468 4046 csse
491 3991 581 4065 puto,
604 4000 670 4063 qua
691 3979 795 4043 rerba
815 3978 907 4064 φέρειν
930 3989 964 4045 et
986 3980 1063 4063 ἄγειν
1085 4002 1145 4064 ρον
1166 4002 1202 4047 se
1224 3980 1374 4069 quodque
1397 3978 1593 4063 explicanda
1614 3987 1701 4056 sunt,
1723 3990 1762 4045 ut
1782 3981 1876 4065 φέρειν
1897 3977 1937 4043 ad
1959 3999 2013 4043 res
2032 3978 2194 4042 inanima-

398 4111 448 4161 tas
470 4095 674 4172 auferendae,
707 4094 785 4177 ἄγειν
806 4094 848 4159 ad
879 4116 997 4179 pecora
1027 4096 1218 4162 abducenda
1236 4094 1446 4161 referendum
1476 4095 1734 4161 sit-Alterius
1753 4096 1847 4180 legis,
1869 4116 1935 4177 qua
1954 4114 2037 4176 quos
2058 4094 2194 4177 impune

398 4213 586 4277 interficere
608 4211 750 4287 licuerit,
773 4219 1081 4288 commemorantur,
1103 4210 1205 4276 verbu
1228 4210 1298 4275 hac
1313 4221 1406 4275 suut:
1426 4209 1501 4274 Ἐάν
1522 4235 1563 4281 τις
1584 4212 1735 4295 ἀποκτείνῃ
1756 4212 1786 4277 ἐν
1808 4211 1911 4279 ἀλλοις
1929 4208 2019 4281 ἄκων,
2042 4210 2061 4293 ἢ
2083 4211 2112 4273 ἐν
2134 4211 2194 4295 ὁδῷ

398 4330 529 4392 καθελὼν
553 4328 572 4413 ᾖ
595 4328 624 4391 ἐν
645 4326 766 4411 πολέμῳ
789 4327 943 4411 ἀγνοήσας,
966 4328 985 4412 ἢ
1007 4329 1053 4391 ἐπὶ
1075 4329 1197 4411 δάμαρτι
1218 4327 1238 4409 ἦ
1259 4327 1305 4390 ἐπὶ
1328 4329 1412 4411 μιγτρὶ
1435 4328 1453 4411 ἢ
1476 4328 1518 4390 ἐπ’
1531 4328 1643 4413 ἀδελφή
1666 4328 1747 4411 aaa
1770 4328 1888 4411 δυροτμὶ
1904 4328 1923 4409 ἢ
1939 4326 1984 4389 ἐπὶ
2005 4329 2142 4408 παλλακῇ
2158 4327 2192 4407 ἢν

397 4446 430 4511 ἀν
453 4445 495 4508 ἐπ’
510 4443 673 4527 ἐλευθέροις
693 4444 788 4505 παισὶν
810 4439 878 4527 ἔχῃ,
910 4442 1118 4509 retractasse
1141 4444 1180 4527 μὴ
1203 4442 1314 4527 φεύγειν
1336 4442 1487 4507 κτείναντα.
1530 4444 1581 4507 Αο
1603 4442 1706 4508 verba
1726 4441 1860 4525 quidem
1880 4442 1909 4505 ἐν
1931 4441 2035 4509 allusu
2056 4440 2136 4505 ἀκων
2159 4452 2193 4505 et

397 4563 425 4625 ἐν
449 4560 568 4644 πολέμῳ
602 4560 747 4643 ἀγνοήεας
778 4557 874 4622 facile
906 4556 1125 4642 intelligenda
1157 4566 1238 4621 sunt
1268 4578 1376 4640 neque
1408 4559 1625 4622 offensionem
1658 4556 1820 4639 quandam
1844 4555 2010 4639 praebcut;
2033 4557 2193 4639 queritur

398 4686 519 4751 autem,
542 4673 620 4757 quid
642 4674 744 4739 verbu
765 4674 794 4737 ἐν
815 4676 874 4760 ὁδῷ
889 4675 1020 4737 καθελὼν
1043 4673 1107 4738 sibi
1128 4674 1245 4752 uelint,
1266 4673 1306 4737 dc
1329 4694 1469 4755 quorum
1484 4674 1520 4737 ri
1541 4673 1651 4737 varias
1672 4672 1909 4755 explicationes
1931 4674 1996 4737 viri
2017 4674 2105 4738 docti
2120 4696 2193 4757 prc-

399 4792 558 4868 tuleruut,
582 4812 684 4874 quum
706 4790 765 4854 illa
786 4788 888 4855 verba
910 4800 1044 4854 vertant
1064 4796 1123 4853 uut
1146 4790 1201 4867 „in
1223 4789 1371 4855 itincre.
1395 4797 1454 4853 aut
1477 4788 1531 4866 „in
1553 4788 1609 4854 via
1629 4787 1761 4872 publiea
1781 4788 2016 4854 interficienst.
2038 4788 2101 4854 Sin
2116 4810 2196 4853 uere

398 4908 467 4973 haec
490 4908 581 4973 actio
604 4906 715 4973 verbis
737 4906 870 4983 inesset,
891 4906 992 4969 etiam
1014 4904 1201 4971 latronibus
1221 4904 1352 4970 licitum
1374 4904 1493 4971 fuisset
1513 4904 1650 4989 impune
1678 4905 1785 4971 cuivis
1806 4926 1921 4972 nocem
1943 4925 2068 4989 parare,
2091 4925 2198 4987 neque
